[
    {
        "exchange": "bybit",
        "symbol": "TRBUSDT",
        "timestamp": 1703894399978000,
        "local_timestamp": 1703894400015394,
        "is_snapshot": false,
        "side": "ask",
        "price": 242.006,
        "amount": 0.89
    },
    {
        "exchange": "bybit",
        "symbol": "TRBUSDT",
        "timestamp": 1703894399978000,
        "local_timestamp": 1703894400015394,
        "is_snapshot": false,
        "side": "ask",
        "price": 242.007,
        "amount": 0.0
    },
    {
        "exchange": "bybit",
        "symbol": "TRBUSDT",
        "timestamp": 1703894399978000,
        "local_timestamp": 1703894400015394,
        "is_snapshot": false,
        "side": "ask",
        "price": 242.013,
        "amount": 0.65
    },
    {
        "exchange": "bybit",
        "symbol": "TRBUSDT",
        "timestamp": 1703894399978000,
        "local_timestamp": 1703894400015394,
        "is_snapshot": false,
        "side": "ask",
        "price": 242.014,
        "amount": 0.0
    },
    {
        "exchange": "bybit",
        "symbol": "TRBUSDT",
        "timestamp": 1703894399978000,
        "local_timestamp": 1703894400015394,
        "is_snapshot": false,
        "side": "ask",
        "price": 242.019,
        "amount": 0.0
    },
    {
        "exchange": "bybit",
        "symbol": "TRBUSDT",
        "timestamp": 1703894399978000,
        "local_timestamp": 1703894400015394,
        "is_snapshot": false,
        "side": "ask",
        "price": 242.051,
        "amount": 0.71
    },
    {
        "exchange": "bybit",
        "symbol": "TRBUSDT",
        "timestamp": 1703894399978000,
        "local_timestamp": 1703894400015394,
        "is_snapshot": false,
        "side": "ask",
        "price": 242.052,
        "amount": 1.09
    },
    {
        "exchange": "bybit",
        "symbol": "TRBUSDT",
        "timestamp": 1703894399978000,
        "local_timestamp": 1703894400015394,
        "is_snapshot": false,
        "side": "ask",
        "price": 242.053,
        "amount": 0.0
    },
    {
        "exchange": "bybit",
        "symbol": "TRBUSDT",
        "timestamp": 1703894399978000,
        "local_timestamp": 1703894400015394,
        "is_snapshot": false,
        "side": "ask",
        "price": 242.063,
        "amount": 1.09
    },
    {
        "exchange": "bybit",
        "symbol": "TRBUSDT",
        "timestamp": 1703894399978000,
        "local_timestamp": 1703894400015394,
        "is_snapshot": false,
        "side": "ask",
        "price": 242.064,
        "amount": 0.0
    },
    {
        "exchange": "bybit",
        "symbol": "TRBUSDT",
        "timestamp": 1703894399978000,
        "local_timestamp": 1703894400015394,
        "is_snapshot": false,
        "side": "ask",
        "price": 242.07,
        "amount": 0.93
    },
    {
        "exchange": "bybit",
        "symbol": "TRBUSDT",
        "timestamp": 1703894399978000,
        "local_timestamp": 1703894400015394,
        "is_snapshot": false,
        "side": "ask",
        "price": 242.072,
        "amount": 0.0
    },
    {
        "exchange": "bybit",
        "symbol": "TRBUSDT",
        "timestamp": 1703894399978000,
        "local_timestamp": 1703894400015394,
        "is_snapshot": false,
        "side": "ask",
        "price": 242.075,
        "amount": 0.0
    },
    {
        "exchange": "bybit",
        "symbol": "TRBUSDT",
        "timestamp": 1703894399978000,
        "local_timestamp": 1703894400015394,
        "is_snapshot": false,
        "side": "ask",
        "price": 242.078,
        "amount": 5.85
    },
    {
        "exchange": "bybit",
        "symbol": "TRBUSDT",
        "timestamp": 1703894399978000,
        "local_timestamp": 1703894400015394,
        "is_snapshot": false,
        "side": "ask",
        "price": 242.08,
        "amount": 0.0
    },
    {
        "exchange": "bybit",
        "symbol": "TRBUSDT",
        "timestamp": 1703894399978000,
        "local_timestamp": 1703894400015394,
        "is_snapshot": false,
        "side": "ask",
        "price": 242.091,
        "amount": 1.07
    },
    {
        "exchange": "bybit",
        "symbol": "TRBUSDT",
        "timestamp": 1703894399978000,
        "local_timestamp": 1703894400015394,
        "is_snapshot": false,
        "side": "ask",
        "price": 242.092,
        "amount": 0.0
    },
    {
        "exchange": "bybit",
        "symbol": "TRBUSDT",
        "timestamp": 1703894399978000,
        "local_timestamp": 1703894400015394,
        "is_snapshot": false,
        "side": "ask",
        "price": 242.098,
        "amount": 0.0
    },
    {
        "exchange": "bybit",
        "symbol": "TRBUSDT",
        "timestamp": 1703894399978000,
        "local_timestamp": 1703894400015394,
        "is_snapshot": false,
        "side": "ask",
        "price": 242.103,
        "amount": 0.0
    },
    {
        "exchange": "bybit",
        "symbol": "TRBUSDT",
        "timestamp": 1703894399978000,
        "local_timestamp": 1703894400015394,
        "is_snapshot": false,
        "side": "ask",
        "price": 242.106,
        "amount": 0.0
    },
    {
        "exchange": "bybit",
        "symbol": "TRBUSDT",
        "timestamp": 1703894399978000,
        "local_timestamp": 1703894400015394,
        "is_snapshot": false,
        "side": "ask",
        "price": 242.112,
        "amount": 0.71
    },
    {
        "exchange": "bybit",
        "symbol": "TRBUSDT",
        "timestamp": 1703894399978000,
        "local_timestamp": 1703894400015394,
        "is_snapshot": false,
        "side": "ask",
        "price": 242.114,
        "amount": 0.0
    },
    {
        "exchange": "bybit",
        "symbol": "TRBUSDT",
        "timestamp": 1703894399978000,
        "local_timestamp": 1703894400015394,
        "is_snapshot": false,
        "side": "ask",
        "price": 242.118,
        "amount": 1.21
    },
    {
        "exchange": "bybit",
        "symbol": "TRBUSDT",
        "timestamp": 1703894399978000,
        "local_timestamp": 1703894400015394,
        "is_snapshot": false,
        "side": "ask",
        "price": 242.122,
        "amount": 1.38
    },
    {
        "exchange": "bybit",
        "symbol": "TRBUSDT",
        "timestamp": 1703894399978000,
        "local_timestamp": 1703894400015394,
        "is_snapshot": false,
        "side": "ask",
        "price": 242.123,
        "amount": 0.0
    },
    {
        "exchange": "bybit",
        "symbol": "TRBUSDT",
        "timestamp": 1703894399978000,
        "local_timestamp": 1703894400015394,
        "is_snapshot": false,
        "side": "ask",
        "price": 242.135,
        "amount": 0.72
    },
    {
        "exchange": "bybit",
        "symbol": "TRBUSDT",
        "timestamp": 1703894399978000,
        "local_timestamp": 1703894400015394,
        "is_snapshot": false,
        "side": "ask",
        "price": 242.139,
        "amount": 18.74
    },
    {
        "exchange": "bybit",
        "symbol": "TRBUSDT",
        "timestamp": 1703894399978000,
        "local_timestamp": 1703894400015394,
        "is_snapshot": false,
        "side": "ask",
        "price": 242.14,
        "amount": 3.74
    },
    {
        "exchange": "bybit",
        "symbol": "TRBUSDT",
        "timestamp": 1703894399978000,
        "local_timestamp": 1703894400015394,
        "is_snapshot": false,
        "side": "ask",
        "price": 242.143,
        "amount": 6.46
    },
    {
        "exchange": "bybit",
        "symbol": "TRBUSDT",
        "timestamp": 1703894399978000,
        "local_timestamp": 1703894400015394,
        "is_snapshot": false,
        "side": "ask",
        "price": 242.151,
        "amount": 0.71
    },
    {
        "exchange": "bybit",
        "symbol": "TRBUSDT",
        "timestamp": 1703894399978000,
        "local_timestamp": 1703894400015394,
        "is_snapshot": false,
        "side": "ask",
        "price": 242.16,
        "amount": 6.96
    },
    {
        "exchange": "bybit",
        "symbol": "TRBUSDT",
        "timestamp": 1703894399978000,
        "local_timestamp": 1703894400015394,
        "is_snapshot": false,
        "side": "ask",
        "price": 242.162,
        "amount": 11.84
    },
    {
        "exchange": "bybit",
        "symbol": "TRBUSDT",
        "timestamp": 1703894399978000,
        "local_timestamp": 1703894400015394,
        "is_snapshot": false,
        "side": "ask",
        "price": 242.166,
        "amount": 1.21
    },
    {
        "exchange": "bybit",
        "symbol": "TRBUSDT",
        "timestamp": 1703894399978000,
        "local_timestamp": 1703894400015394,
        "is_snapshot": false,
        "side": "ask",
        "price": 242.185,
        "amount": 0.0
    },
    {
        "exchange": "bybit",
        "symbol": "TRBUSDT",
        "timestamp": 1703894399978000,
        "local_timestamp": 1703894400015394,
        "is_snapshot": false,
        "side": "ask",
        "price": 242.193,
        "amount": 0.0
    },
    {
        "exchange": "bybit",
        "symbol": "TRBUSDT",
        "timestamp": 1703894399978000,
        "local_timestamp": 1703894400015394,
        "is_snapshot": false,
        "side": "ask",
        "price": 242.22,
        "amount": 0.0
    },
    {
        "exchange": "bybit",
        "symbol": "TRBUSDT",
        "timestamp": 1703894399978000,
        "local_timestamp": 1703894400015394,
        "is_snapshot": false,
        "side": "ask",
        "price": 242.24,
        "amount": 0.0
    },
    {
        "exchange": "bybit",
        "symbol": "TRBUSDT",
        "timestamp": 1703894399978000,
        "local_timestamp": 1703894400015394,
        "is_snapshot": false,
        "side": "ask",
        "price": 242.257,
        "amount": 0.7
    },
    {
        "exchange": "bybit",
        "symbol": "TRBUSDT",
        "timestamp": 1703894399978000,
        "local_timestamp": 1703894400015394,
        "is_snapshot": false,
        "side": "ask",
        "price": 242.258,
        "amount": 0.0
    },
    {
        "exchange": "bybit",
        "symbol": "TRBUSDT",
        "timestamp": 1703894399978000,
        "local_timestamp": 1703894400015394,
        "is_snapshot": false,
        "side": "ask",
        "price": 242.262,
        "amount": 0.59
    },
    {
        "exchange": "bybit",
        "symbol": "TRBUSDT",
        "timestamp": 1703894399978000,
        "local_timestamp": 1703894400015394,
        "is_snapshot": false,
        "side": "ask",
        "price": 242.27,
        "amount": 4.33
    },
    {
        "exchange": "bybit",
        "symbol": "TRBUSDT",
        "timestamp": 1703894399978000,
        "local_timestamp": 1703894400015394,
        "is_snapshot": false,
        "side": "ask",
        "price": 242.273,
        "amount": 0.86
    },
    {
        "exchange": "bybit",
        "symbol": "TRBUSDT",
        "timestamp": 1703894399978000,
        "local_timestamp": 1703894400015394,
        "is_snapshot": false,
        "side": "ask",
        "price": 242.274,
        "amount": 24.9
    },
    {
        "exchange": "bybit",
        "symbol": "TRBUSDT",
        "timestamp": 1703894399978000,
        "local_timestamp": 1703894400015394,
        "is_snapshot": false,
        "side": "ask",
        "price": 242.277,
        "amount": 0.72
    },
    {
        "exchange": "bybit",
        "symbol": "TRBUSDT",
        "timestamp": 1703894399978000,
        "local_timestamp": 1703894400015394,
        "is_snapshot": false,
        "side": "ask",
        "price": 242.295,
        "amount": 0.78
    },
    {
        "exchange": "bybit",
        "symbol": "TRBUSDT",
        "timestamp": 1703894399978000,
        "local_timestamp": 1703894400015394,
        "is_snapshot": false,
        "side": "ask",
        "price": 242.358,
        "amount": 6.91
    },
    {
        "exchange": "bybit",
        "symbol": "TRBUSDT",
        "timestamp": 1703894399978000,
        "local_timestamp": 1703894400015394,
        "is_snapshot": false,
        "side": "ask",
        "price": 242.375,
        "amount": 0.0
    },
    {
        "exchange": "bybit",
        "symbol": "TRBUSDT",
        "timestamp": 1703894399978000,
        "local_timestamp": 1703894400015394,
        "is_snapshot": false,
        "side": "ask",
        "price": 242.383,
        "amount": 5.51
    },
    {
        "exchange": "bybit",
        "symbol": "TRBUSDT",
        "timestamp": 1703894399978000,
        "local_timestamp": 1703894400015394,
        "is_snapshot": false,
        "side": "bid",
        "price": 241.969,
        "amount": 0.0
    },
    {
        "exchange": "bybit",
        "symbol": "TRBUSDT",
        "timestamp": 1703894399978000,
        "local_timestamp": 1703894400015394,
        "is_snapshot": false,
        "side": "bid",
        "price": 241.967,
        "amount": 12.2
    },
    {
        "exchange": "bybit",
        "symbol": "TRBUSDT",
        "timestamp": 1703894399978000,
        "local_timestamp": 1703894400015394,
        "is_snapshot": false,
        "side": "bid",
        "price": 241.94,
        "amount": 0.02
    },
    {
        "exchange": "bybit",
        "symbol": "TRBUSDT",
        "timestamp": 1703894399978000,
        "local_timestamp": 1703894400015394,
        "is_snapshot": false,
        "side": "bid",
        "price": 241.938,
        "amount": 0.0
    },
    {
        "exchange": "bybit",
        "symbol": "TRBUSDT",
        "timestamp": 1703894399978000,
        "local_timestamp": 1703894400015394,
        "is_snapshot": false,
        "side": "bid",
        "price": 241.898,
        "amount": 0.0
    },
    {
        "exchange": "bybit",
        "symbol": "TRBUSDT",
        "timestamp": 1703894399978000,
        "local_timestamp": 1703894400015394,
        "is_snapshot": false,
        "side": "bid",
        "price": 241.896,
        "amount": 0.0
    },
    {
        "exchange": "bybit",
        "symbol": "TRBUSDT",
        "timestamp": 1703894399978000,
        "local_timestamp": 1703894400015394,
        "is_snapshot": false,
        "side": "bid",
        "price": 241.846,
        "amount": 0.12
    },
    {
        "exchange": "bybit",
        "symbol": "TRBUSDT",
        "timestamp": 1703894399978000,
        "local_timestamp": 1703894400015394,
        "is_snapshot": false,
        "side": "bid",
        "price": 241.837,
        "amount": 0.0
    },
    {
        "exchange": "bybit",
        "symbol": "TRBUSDT",
        "timestamp": 1703894399978000,
        "local_timestamp": 1703894400015394,
        "is_snapshot": false,
        "side": "bid",
        "price": 241.836,
        "amount": 0.0
    },
    {
        "exchange": "bybit",
        "symbol": "TRBUSDT",
        "timestamp": 1703894399978000,
        "local_timestamp": 1703894400015394,
        "is_snapshot": false,
        "side": "bid",
        "price": 241.795,
        "amount": 0.0
    },
    {
        "exchange": "bybit",
        "symbol": "TRBUSDT",
        "timestamp": 1703894399978000,
        "local_timestamp": 1703894400015394,
        "is_snapshot": false,
        "side": "bid",
        "price": 241.794,
        "amount": 0.0
    },
    {
        "exchange": "bybit",
        "symbol": "TRBUSDT",
        "timestamp": 1703894399978000,
        "local_timestamp": 1703894400015394,
        "is_snapshot": false,
        "side": "bid",
        "price": 241.793,
        "amount": 0.0
    },
    {
        "exchange": "bybit",
        "symbol": "TRBUSDT",
        "timestamp": 1703894399978000,
        "local_timestamp": 1703894400015394,
        "is_snapshot": false,
        "side": "bid",
        "price": 241.772,
        "amount": 0.0
    },
    {
        "exchange": "bybit",
        "symbol": "TRBUSDT",
        "timestamp": 1703894399978000,
        "local_timestamp": 1703894400015394,
        "is_snapshot": false,
        "side": "bid",
        "price": 241.724,
        "amount": 0.0
    },
    {
        "exchange": "bybit",
        "symbol": "TRBUSDT",
        "timestamp": 1703894399978000,
        "local_timestamp": 1703894400015394,
        "is_snapshot": false,
        "side": "bid",
        "price": 241.722,
        "amount": 0.0
    },
    {
        "exchange": "bybit",
        "symbol": "TRBUSDT",
        "timestamp": 1703894399978000,
        "local_timestamp": 1703894400015394,
        "is_snapshot": false,
        "side": "bid",
        "price": 241.715,
        "amount": 4.14
    },
    {
        "exchange": "bybit",
        "symbol": "TRBUSDT",
        "timestamp": 1703894399978000,
        "local_timestamp": 1703894400015394,
        "is_snapshot": false,
        "side": "bid",
        "price": 241.667,
        "amount": 0.0
    },
    {
        "exchange": "bybit",
        "symbol": "TRBUSDT",
        "timestamp": 1703894399978000,
        "local_timestamp": 1703894400015394,
        "is_snapshot": false,
        "side": "bid",
        "price": 241.666,
        "amount": 0.21
    },
    {
        "exchange": "bybit",
        "symbol": "TRBUSDT",
        "timestamp": 1703894399978000,
        "local_timestamp": 1703894400015394,
        "is_snapshot": false,
        "side": "bid",
        "price": 241.665,
        "amount": 4.34
    },
    {
        "exchange": "bybit",
        "symbol": "TRBUSDT",
        "timestamp": 1703894399978000,
        "local_timestamp": 1703894400015394,
        "is_snapshot": false,
        "side": "bid",
        "price": 241.664,
        "amount": 0.05
    },
    {
        "exchange": "bybit",
        "symbol": "TRBUSDT",
        "timestamp": 1703894399978000,
        "local_timestamp": 1703894400015394,
        "is_snapshot": false,
        "side": "bid",
        "price": 241.65,
        "amount": 0.18
    },
    {
        "exchange": "bybit",
        "symbol": "TRBUSDT",
        "timestamp": 1703894399978000,
        "local_timestamp": 1703894400015394,
        "is_snapshot": false,
        "side": "bid",
        "price": 241.649,
        "amount": 0.07
    },
    {
        "exchange": "bybit",
        "symbol": "TRBUSDT",
        "timestamp": 1703894399978000,
        "local_timestamp": 1703894400015394,
        "is_snapshot": false,
        "side": "bid",
        "price": 241.645,
        "amount": 0.02
    },
    {
        "exchange": "bybit",
        "symbol": "TRBUSDT",
        "timestamp": 1703894399978000,
        "local_timestamp": 1703894400015394,
        "is_snapshot": false,
        "side": "bid",
        "price": 241.642,
        "amount": 0.01
    },
    {
        "exchange": "bybit",
        "symbol": "TRBUSDT",
        "timestamp": 1703894399978000,
        "local_timestamp": 1703894400015394,
        "is_snapshot": false,
        "side": "bid",
        "price": 241.638,
        "amount": 0.12
    },
    {
        "exchange": "bybit",
        "symbol": "TRBUSDT",
        "timestamp": 1703894399978000,
        "local_timestamp": 1703894400015394,
        "is_snapshot": false,
        "side": "bid",
        "price": 241.635,
        "amount": 14.22
    },
    {
        "exchange": "bybit",
        "symbol": "TRBUSDT",
        "timestamp": 1703894399978000,
        "local_timestamp": 1703894400015394,
        "is_snapshot": false,
        "side": "bid",
        "price": 241.626,
        "amount": 1.21
    },
    {
        "exchange": "bybit",
        "symbol": "TRBUSDT",
        "timestamp": 1703894399978000,
        "local_timestamp": 1703894400015394,
        "is_snapshot": false,
        "side": "bid",
        "price": 241.625,
        "amount": 0.02
    },
    {
        "exchange": "bybit",
        "symbol": "TRBUSDT",
        "timestamp": 1703894399978000,
        "local_timestamp": 1703894400015394,
        "is_snapshot": false,
        "side": "bid",
        "price": 241.612,
        "amount": 0.04
    },
    {
        "exchange": "bybit",
        "symbol": "TRBUSDT",
        "timestamp": 1703894399978000,
        "local_timestamp": 1703894400015394,
        "is_snapshot": false,
        "side": "bid",
        "price": 241.61,
        "amount": 1.21
    },
    {
        "exchange": "bybit",
        "symbol": "TRBUSDT",
        "timestamp": 1703894399997000,
        "local_timestamp": 1703894400034298,
        "is_snapshot": false,
        "side": "ask",
        "price": 242.006,
        "amount": 0.0
    },
    {
        "exchange": "bybit",
        "symbol": "TRBUSDT",
        "timestamp": 1703894399997000,
        "local_timestamp": 1703894400034298,
        "is_snapshot": false,
        "side": "ask",
        "price": 242.013,
        "amount": 0.0
    },
    {
        "exchange": "bybit",
        "symbol": "TRBUSDT",
        "timestamp": 1703894399997000,
        "local_timestamp": 1703894400034298,
        "is_snapshot": false,
        "side": "ask",
        "price": 242.051,
        "amount": 1.97
    },
    {
        "exchange": "bybit",
        "symbol": "TRBUSDT",
        "timestamp": 1703894399997000,
        "local_timestamp": 1703894400034298,
        "is_snapshot": false,
        "side": "ask",
        "price": 242.07,
        "amount": 0.0
    },
    {
        "exchange": "bybit",
        "symbol": "TRBUSDT",
        "timestamp": 1703894399997000,
        "local_timestamp": 1703894400034298,
        "is_snapshot": false,
        "side": "ask",
        "price": 242.078,
        "amount": 0.0
    },
    {
        "exchange": "bybit",
        "symbol": "TRBUSDT",
        "timestamp": 1703894399997000,
        "local_timestamp": 1703894400034298,
        "is_snapshot": false,
        "side": "ask",
        "price": 242.084,
        "amount": 20.66
    },
    {
        "exchange": "bybit",
        "symbol": "TRBUSDT",
        "timestamp": 1703894399997000,
        "local_timestamp": 1703894400034298,
        "is_snapshot": false,
        "side": "ask",
        "price": 242.094,
        "amount": 4.13
    },
    {
        "exchange": "bybit",
        "symbol": "TRBUSDT",
        "timestamp": 1703894399997000,
        "local_timestamp": 1703894400034298,
        "is_snapshot": false,
        "side": "ask",
        "price": 242.098,
        "amount": 4.13
    },
    {
        "exchange": "bybit",
        "symbol": "TRBUSDT",
        "timestamp": 1703894399997000,
        "local_timestamp": 1703894400034298,
        "is_snapshot": false,
        "side": "ask",
        "price": 242.112,
        "amount": 0.0
    },
    {
        "exchange": "bybit",
        "symbol": "TRBUSDT",
        "timestamp": 1703894399997000,
        "local_timestamp": 1703894400034298,
        "is_snapshot": false,
        "side": "ask",
        "price": 242.118,
        "amount": 0.0
    },
    {
        "exchange": "bybit",
        "symbol": "TRBUSDT",
        "timestamp": 1703894399997000,
        "local_timestamp": 1703894400034298,
        "is_snapshot": false,
        "side": "ask",
        "price": 242.122,
        "amount": 0.0
    },
    {
        "exchange": "bybit",
        "symbol": "TRBUSDT",
        "timestamp": 1703894399997000,
        "local_timestamp": 1703894400034298,
        "is_snapshot": false,
        "side": "ask",
        "price": 242.127,
        "amount": 0.0
    },
    {
        "exchange": "bybit",
        "symbol": "TRBUSDT",
        "timestamp": 1703894399997000,
        "local_timestamp": 1703894400034298,
        "is_snapshot": false,
        "side": "ask",
        "price": 242.134,
        "amount": 0.71
    },
    {
        "exchange": "bybit",
        "symbol": "TRBUSDT",
        "timestamp": 1703894399997000,
        "local_timestamp": 1703894400034298,
        "is_snapshot": false,
        "side": "ask",
        "price": 242.135,
        "amount": 0.0
    },
    {
        "exchange": "bybit",
        "symbol": "TRBUSDT",
        "timestamp": 1703894399997000,
        "local_timestamp": 1703894400034298,
        "is_snapshot": false,
        "side": "ask",
        "price": 242.139,
        "amount": 15.27
    },
    {
        "exchange": "bybit",
        "symbol": "TRBUSDT",
        "timestamp": 1703894399997000,
        "local_timestamp": 1703894400034298,
        "is_snapshot": false,
        "side": "ask",
        "price": 242.14,
        "amount": 1.78
    },
    {
        "exchange": "bybit",
        "symbol": "TRBUSDT",
        "timestamp": 1703894399997000,
        "local_timestamp": 1703894400034298,
        "is_snapshot": false,
        "side": "ask",
        "price": 242.143,
        "amount": 0.0
    },
    {
        "exchange": "bybit",
        "symbol": "TRBUSDT",
        "timestamp": 1703894399997000,
        "local_timestamp": 1703894400034298,
        "is_snapshot": false,
        "side": "ask",
        "price": 242.151,
        "amount": 0.0
    },
    {
        "exchange": "bybit",
        "symbol": "TRBUSDT",
        "timestamp": 1703894399997000,
        "local_timestamp": 1703894400034298,
        "is_snapshot": false,
        "side": "ask",
        "price": 242.156,
        "amount": 0.71
    },
    {
        "exchange": "bybit",
        "symbol": "TRBUSDT",
        "timestamp": 1703894399997000,
        "local_timestamp": 1703894400034298,
        "is_snapshot": false,
        "side": "ask",
        "price": 242.159,
        "amount": 0.86
    },
    {
        "exchange": "bybit",
        "symbol": "TRBUSDT",
        "timestamp": 1703894399997000,
        "local_timestamp": 1703894400034298,
        "is_snapshot": false,
        "side": "ask",
        "price": 242.16,
        "amount": 0.0
    },
    {
        "exchange": "bybit",
        "symbol": "TRBUSDT",
        "timestamp": 1703894399997000,
        "local_timestamp": 1703894400034298,
        "is_snapshot": false,
        "side": "ask",
        "price": 242.173,
        "amount": 0.59
    },
    {
        "exchange": "bybit",
        "symbol": "TRBUSDT",
        "timestamp": 1703894399997000,
        "local_timestamp": 1703894400034298,
        "is_snapshot": false,
        "side": "ask",
        "price": 242.179,
        "amount": 0.72
    },
    {
        "exchange": "bybit",
        "symbol": "TRBUSDT",
        "timestamp": 1703894399997000,
        "local_timestamp": 1703894400034298,
        "is_snapshot": false,
        "side": "ask",
        "price": 242.184,
        "amount": 1.96
    },
    {
        "exchange": "bybit",
        "symbol": "TRBUSDT",
        "timestamp": 1703894399997000,
        "local_timestamp": 1703894400034298,
        "is_snapshot": false,
        "side": "ask",
        "price": 242.187,
        "amount": 5.25
    },
    {
        "exchange": "bybit",
        "symbol": "TRBUSDT",
        "timestamp": 1703894399997000,
        "local_timestamp": 1703894400034298,
        "is_snapshot": false,
        "side": "ask",
        "price": 242.19,
        "amount": 4.74
    },
    {
        "exchange": "bybit",
        "symbol": "TRBUSDT",
        "timestamp": 1703894399997000,
        "local_timestamp": 1703894400034298,
        "is_snapshot": false,
        "side": "ask",
        "price": 242.195,
        "amount": 0.71
    },
    {
        "exchange": "bybit",
        "symbol": "TRBUSDT",
        "timestamp": 1703894399997000,
        "local_timestamp": 1703894400034298,
        "is_snapshot": false,
        "side": "ask",
        "price": 242.204,
        "amount": 5.87
    },
    {
        "exchange": "bybit",
        "symbol": "TRBUSDT",
        "timestamp": 1703894399997000,
        "local_timestamp": 1703894400034298,
        "is_snapshot": false,
        "side": "ask",
        "price": 242.205,
        "amount": 1.38
    },
    {
        "exchange": "bybit",
        "symbol": "TRBUSDT",
        "timestamp": 1703894399997000,
        "local_timestamp": 1703894400034298,
        "is_snapshot": false,
        "side": "ask",
        "price": 242.222,
        "amount": 1.38
    },
    {
        "exchange": "bybit",
        "symbol": "TRBUSDT",
        "timestamp": 1703894399997000,
        "local_timestamp": 1703894400034298,
        "is_snapshot": false,
        "side": "ask",
        "price": 242.262,
        "amount": 0.0
    },
    {
        "exchange": "bybit",
        "symbol": "TRBUSDT",
        "timestamp": 1703894399997000,
        "local_timestamp": 1703894400034298,
        "is_snapshot": false,
        "side": "ask",
        "price": 242.274,
        "amount": 4.24
    },
    {
        "exchange": "bybit",
        "symbol": "TRBUSDT",
        "timestamp": 1703894399997000,
        "local_timestamp": 1703894400034298,
        "is_snapshot": false,
        "side": "ask",
        "price": 242.3,
        "amount": 0.0
    },
    {
        "exchange": "bybit",
        "symbol": "TRBUSDT",
        "timestamp": 1703894399997000,
        "local_timestamp": 1703894400034298,
        "is_snapshot": false,
        "side": "ask",
        "price": 242.374,
        "amount": 5.34
    },
    {
        "exchange": "bybit",
        "symbol": "TRBUSDT",
        "timestamp": 1703894399997000,
        "local_timestamp": 1703894400034298,
        "is_snapshot": false,
        "side": "ask",
        "price": 242.383,
        "amount": 0.0
    },
    {
        "exchange": "bybit",
        "symbol": "TRBUSDT",
        "timestamp": 1703894399997000,
        "local_timestamp": 1703894400034298,
        "is_snapshot": false,
        "side": "bid",
        "price": 241.967,
        "amount": 0.0
    },
    {
        "exchange": "bybit",
        "symbol": "TRBUSDT",
        "timestamp": 1703894399997000,
        "local_timestamp": 1703894400034298,
        "is_snapshot": false,
        "side": "bid",
        "price": 241.964,
        "amount": 0.0
    },
    {
        "exchange": "bybit",
        "symbol": "TRBUSDT",
        "timestamp": 1703894399997000,
        "local_timestamp": 1703894400034298,
        "is_snapshot": false,
        "side": "bid",
        "price": 241.957,
        "amount": 0.0
    },
    {
        "exchange": "bybit",
        "symbol": "TRBUSDT",
        "timestamp": 1703894399997000,
        "local_timestamp": 1703894400034298,
        "is_snapshot": false,
        "side": "bid",
        "price": 241.951,
        "amount": 1.59
    },
    {
        "exchange": "bybit",
        "symbol": "TRBUSDT",
        "timestamp": 1703894399997000,
        "local_timestamp": 1703894400034298,
        "is_snapshot": false,
        "side": "bid",
        "price": 241.907,
        "amount": 0.0
    },
    {
        "exchange": "bybit",
        "symbol": "TRBUSDT",
        "timestamp": 1703894399997000,
        "local_timestamp": 1703894400034298,
        "is_snapshot": false,
        "side": "bid",
        "price": 241.816,
        "amount": 0.43
    },
    {
        "exchange": "bybit",
        "symbol": "TRBUSDT",
        "timestamp": 1703894399997000,
        "local_timestamp": 1703894400034298,
        "is_snapshot": false,
        "side": "bid",
        "price": 241.797,
        "amount": 0.65
    },
    {
        "exchange": "bybit",
        "symbol": "TRBUSDT",
        "timestamp": 1703894399997000,
        "local_timestamp": 1703894400034298,
        "is_snapshot": false,
        "side": "bid",
        "price": 241.786,
        "amount": 6.22
    },
    {
        "exchange": "bybit",
        "symbol": "TRBUSDT",
        "timestamp": 1703894399997000,
        "local_timestamp": 1703894400034298,
        "is_snapshot": false,
        "side": "bid",
        "price": 241.715,
        "amount": 0.01
    },
    {
        "exchange": "bybit",
        "symbol": "TRBUSDT",
        "timestamp": 1703894399997000,
        "local_timestamp": 1703894400034298,
        "is_snapshot": false,
        "side": "bid",
        "price": 241.635,
        "amount": 0.0
    },
    {
        "exchange": "bybit",
        "symbol": "TRBUSDT",
        "timestamp": 1703894399997000,
        "local_timestamp": 1703894400034298,
        "is_snapshot": false,
        "side": "bid",
        "price": 241.625,
        "amount": 2.31
    },
    {
        "exchange": "bybit",
        "symbol": "TRBUSDT",
        "timestamp": 1703894399997000,
        "local_timestamp": 1703894400034298,
        "is_snapshot": false,
        "side": "bid",
        "price": 241.608,
        "amount": 0.27
    },
    {
        "exchange": "bybit",
        "symbol": "TRBUSDT",
        "timestamp": 1703894399997000,
        "local_timestamp": 1703894400034298,
        "is_snapshot": false,
        "side": "bid",
        "price": 241.607,
        "amount": 1.38
    },
    {
        "exchange": "bybit",
        "symbol": "TRBUSDT",
        "timestamp": 1703894399997000,
        "local_timestamp": 1703894400034298,
        "is_snapshot": false,
        "side": "bid",
        "price": 241.6,
        "amount": 1.12
    },
    {
        "exchange": "bybit",
        "symbol": "TRBUSDT",
        "timestamp": 1703894400018000,
        "local_timestamp": 1703894400054661,
        "is_snapshot": false,
        "side": "ask",
        "price": 241.958,
        "amount": 3.13
    },
    {
        "exchange": "bybit",
        "symbol": "TRBUSDT",
        "timestamp": 1703894400018000,
        "local_timestamp": 1703894400054661,
        "is_snapshot": false,
        "side": "ask",
        "price": 242.05,
        "amount": 12.44
    },
    {
        "exchange": "bybit",
        "symbol": "TRBUSDT",
        "timestamp": 1703894400018000,
        "local_timestamp": 1703894400054661,
        "is_snapshot": false,
        "side": "ask",
        "price": 242.075,
        "amount": 3.46
    },
    {
        "exchange": "bybit",
        "symbol": "TRBUSDT",
        "timestamp": 1703894400018000,
        "local_timestamp": 1703894400054661,
        "is_snapshot": false,
        "side": "ask",
        "price": 242.139,
        "amount": 3.46
    },
    {
        "exchange": "bybit",
        "symbol": "TRBUSDT",
        "timestamp": 1703894400018000,
        "local_timestamp": 1703894400054661,
        "is_snapshot": false,
        "side": "ask",
        "price": 242.152,
        "amount": 0.93
    },
    {
        "exchange": "bybit",
        "symbol": "TRBUSDT",
        "timestamp": 1703894400018000,
        "local_timestamp": 1703894400054661,
        "is_snapshot": false,
        "side": "ask",
        "price": 242.19,
        "amount": 0.0
    },
    {
        "exchange": "bybit",
        "symbol": "TRBUSDT",
        "timestamp": 1703894400018000,
        "local_timestamp": 1703894400054661,
        "is_snapshot": false,
        "side": "ask",
        "price": 242.2,
        "amount": 1.21
    },
    {
        "exchange": "bybit",
        "symbol": "TRBUSDT",
        "timestamp": 1703894400018000,
        "local_timestamp": 1703894400054661,
        "is_snapshot": false,
        "side": "ask",
        "price": 242.216,
        "amount": 1.21
    },
    {
        "exchange": "bybit",
        "symbol": "TRBUSDT",
        "timestamp": 1703894400018000,
        "local_timestamp": 1703894400054661,
        "is_snapshot": false,
        "side": "ask",
        "price": 242.359,
        "amount": 0.0
    },
    {
        "exchange": "bybit",
        "symbol": "TRBUSDT",
        "timestamp": 1703894400018000,
        "local_timestamp": 1703894400054661,
        "is_snapshot": false,
        "side": "ask",
        "price": 242.362,
        "amount": 0.0
    },
    {
        "exchange": "bybit",
        "symbol": "TRBUSDT",
        "timestamp": 1703894400018000,
        "local_timestamp": 1703894400054661,
        "is_snapshot": false,
        "side": "ask",
        "price": 242.366,
        "amount": 0.0
    },
    {
        "exchange": "bybit",
        "symbol": "TRBUSDT",
        "timestamp": 1703894400018000,
        "local_timestamp": 1703894400054661,
        "is_snapshot": false,
        "side": "ask",
        "price": 242.367,
        "amount": 0.0
    },
    {
        "exchange": "bybit",
        "symbol": "TRBUSDT",
        "timestamp": 1703894400018000,
        "local_timestamp": 1703894400054661,
        "is_snapshot": false,
        "side": "ask",
        "price": 242.374,
        "amount": 0.0
    },
    {
        "exchange": "bybit",
        "symbol": "TRBUSDT",
        "timestamp": 1703894400018000,
        "local_timestamp": 1703894400054661,
        "is_snapshot": false,
        "side": "bid",
        "price": 241.951,
        "amount": 0.0
    },
    {
        "exchange": "bybit",
        "symbol": "TRBUSDT",
        "timestamp": 1703894400018000,
        "local_timestamp": 1703894400054661,
        "is_snapshot": false,
        "side": "bid",
        "price": 241.95,
        "amount": 0.0
    },
    {
        "exchange": "bybit",
        "symbol": "TRBUSDT",
        "timestamp": 1703894400018000,
        "local_timestamp": 1703894400054661,
        "is_snapshot": false,
        "side": "bid",
        "price": 241.94,
        "amount": 0.0
    },
    {
        "exchange": "bybit",
        "symbol": "TRBUSDT",
        "timestamp": 1703894400018000,
        "local_timestamp": 1703894400054661,
        "is_snapshot": false,
        "side": "bid",
        "price": 241.935,
        "amount": 0.0
    },
    {
        "exchange": "bybit",
        "symbol": "TRBUSDT",
        "timestamp": 1703894400018000,
        "local_timestamp": 1703894400054661,
        "is_snapshot": false,
        "side": "bid",
        "price": 241.929,
        "amount": 0.0
    },
    {
        "exchange": "bybit",
        "symbol": "TRBUSDT",
        "timestamp": 1703894400018000,
        "local_timestamp": 1703894400054661,
        "is_snapshot": false,
        "side": "bid",
        "price": 241.924,
        "amount": 0.0
    },
    {
        "exchange": "bybit",
        "symbol": "TRBUSDT",
        "timestamp": 1703894400018000,
        "local_timestamp": 1703894400054661,
        "is_snapshot": false,
        "side": "bid",
        "price": 241.921,
        "amount": 0.0
    },
    {
        "exchange": "bybit",
        "symbol": "TRBUSDT",
        "timestamp": 1703894400018000,
        "local_timestamp": 1703894400054661,
        "is_snapshot": false,
        "side": "bid",
        "price": 241.908,
        "amount": 0.0
    },
    {
        "exchange": "bybit",
        "symbol": "TRBUSDT",
        "timestamp": 1703894400018000,
        "local_timestamp": 1703894400054661,
        "is_snapshot": false,
        "side": "bid",
        "price": 241.901,
        "amount": 0.0
    },
    {
        "exchange": "bybit",
        "symbol": "TRBUSDT",
        "timestamp": 1703894400018000,
        "local_timestamp": 1703894400054661,
        "is_snapshot": false,
        "side": "bid",
        "price": 241.9,
        "amount": 0.0
    },
    {
        "exchange": "bybit",
        "symbol": "TRBUSDT",
        "timestamp": 1703894400018000,
        "local_timestamp": 1703894400054661,
        "is_snapshot": false,
        "side": "bid",
        "price": 241.894,
        "amount": 0.0
    },
    {
        "exchange": "bybit",
        "symbol": "TRBUSDT",
        "timestamp": 1703894400018000,
        "local_timestamp": 1703894400054661,
        "is_snapshot": false,
        "side": "bid",
        "price": 241.846,
        "amount": 0.0
    },
    {
        "exchange": "bybit",
        "symbol": "TRBUSDT",
        "timestamp": 1703894400018000,
        "local_timestamp": 1703894400054661,
        "is_snapshot": false,
        "side": "bid",
        "price": 241.83,
        "amount": 0.0
    },
    {
        "exchange": "bybit",
        "symbol": "TRBUSDT",
        "timestamp": 1703894400018000,
        "local_timestamp": 1703894400054661,
        "is_snapshot": false,
        "side": "bid",
        "price": 241.828,
        "amount": 0.0
    },
    {
        "exchange": "bybit",
        "symbol": "TRBUSDT",
        "timestamp": 1703894400018000,
        "local_timestamp": 1703894400054661,
        "is_snapshot": false,
        "side": "bid",
        "price": 241.819,
        "amount": 0.0
    },
    {
        "exchange": "bybit",
        "symbol": "TRBUSDT",
        "timestamp": 1703894400018000,
        "local_timestamp": 1703894400054661,
        "is_snapshot": false,
        "side": "bid",
        "price": 241.818,
        "amount": 0.0
    },
    {
        "exchange": "bybit",
        "symbol": "TRBUSDT",
        "timestamp": 1703894400018000,
        "local_timestamp": 1703894400054661,
        "is_snapshot": false,
        "side": "bid",
        "price": 241.816,
        "amount": 0.0
    },
    {
        "exchange": "bybit",
        "symbol": "TRBUSDT",
        "timestamp": 1703894400018000,
        "local_timestamp": 1703894400054661,
        "is_snapshot": false,
        "side": "bid",
        "price": 241.81,
        "amount": 0.0
    },
    {
        "exchange": "bybit",
        "symbol": "TRBUSDT",
        "timestamp": 1703894400018000,
        "local_timestamp": 1703894400054661,
        "is_snapshot": false,
        "side": "bid",
        "price": 241.809,
        "amount": 0.0
    },
    {
        "exchange": "bybit",
        "symbol": "TRBUSDT",
        "timestamp": 1703894400018000,
        "local_timestamp": 1703894400054661,
        "is_snapshot": false,
        "side": "bid",
        "price": 241.805,
        "amount": 0.0
    },
    {
        "exchange": "bybit",
        "symbol": "TRBUSDT",
        "timestamp": 1703894400018000,
        "local_timestamp": 1703894400054661,
        "is_snapshot": false,
        "side": "bid",
        "price": 241.803,
        "amount": 0.0
    },
    {
        "exchange": "bybit",
        "symbol": "TRBUSDT",
        "timestamp": 1703894400018000,
        "local_timestamp": 1703894400054661,
        "is_snapshot": false,
        "side": "bid",
        "price": 241.797,
        "amount": 0.0
    },
    {
        "exchange": "bybit",
        "symbol": "TRBUSDT",
        "timestamp": 1703894400018000,
        "local_timestamp": 1703894400054661,
        "is_snapshot": false,
        "side": "bid",
        "price": 241.786,
        "amount": 0.0
    },
    {
        "exchange": "bybit",
        "symbol": "TRBUSDT",
        "timestamp": 1703894400018000,
        "local_timestamp": 1703894400054661,
        "is_snapshot": false,
        "side": "bid",
        "price": 241.763,
        "amount": 0.0
    },
    {
        "exchange": "bybit",
        "symbol": "TRBUSDT",
        "timestamp": 1703894400018000,
        "local_timestamp": 1703894400054661,
        "is_snapshot": false,
        "side": "bid",
        "price": 241.76,
        "amount": 0.0
    },
    {
        "exchange": "bybit",
        "symbol": "TRBUSDT",
        "timestamp": 1703894400018000,
        "local_timestamp": 1703894400054661,
        "is_snapshot": false,
        "side": "bid",
        "price": 241.743,
        "amount": 0.0
    },
    {
        "exchange": "bybit",
        "symbol": "TRBUSDT",
        "timestamp": 1703894400018000,
        "local_timestamp": 1703894400054661,
        "is_snapshot": false,
        "side": "bid",
        "price": 241.737,
        "amount": 0.0
    },
    {
        "exchange": "bybit",
        "symbol": "TRBUSDT",
        "timestamp": 1703894400018000,
        "local_timestamp": 1703894400054661,
        "is_snapshot": false,
        "side": "bid",
        "price": 241.721,
        "amount": 0.0
    },
    {
        "exchange": "bybit",
        "symbol": "TRBUSDT",
        "timestamp": 1703894400018000,
        "local_timestamp": 1703894400054661,
        "is_snapshot": false,
        "side": "bid",
        "price": 241.715,
        "amount": 0.0
    },
    {
        "exchange": "bybit",
        "symbol": "TRBUSDT",
        "timestamp": 1703894400018000,
        "local_timestamp": 1703894400054661,
        "is_snapshot": false,
        "side": "bid",
        "price": 241.707,
        "amount": 0.0
    },
    {
        "exchange": "bybit",
        "symbol": "TRBUSDT",
        "timestamp": 1703894400018000,
        "local_timestamp": 1703894400054661,
        "is_snapshot": false,
        "side": "bid",
        "price": 241.7,
        "amount": 0.0
    },
    {
        "exchange": "bybit",
        "symbol": "TRBUSDT",
        "timestamp": 1703894400018000,
        "local_timestamp": 1703894400054661,
        "is_snapshot": false,
        "side": "bid",
        "price": 241.698,
        "amount": 0.0
    },
    {
        "exchange": "bybit",
        "symbol": "TRBUSDT",
        "timestamp": 1703894400018000,
        "local_timestamp": 1703894400054661,
        "is_snapshot": false,
        "side": "bid",
        "price": 241.69,
        "amount": 0.0
    },
    {
        "exchange": "bybit",
        "symbol": "TRBUSDT",
        "timestamp": 1703894400018000,
        "local_timestamp": 1703894400054661,
        "is_snapshot": false,
        "side": "bid",
        "price": 241.678,
        "amount": 0.0
    },
    {
        "exchange": "bybit",
        "symbol": "TRBUSDT",
        "timestamp": 1703894400018000,
        "local_timestamp": 1703894400054661,
        "is_snapshot": false,
        "side": "bid",
        "price": 241.673,
        "amount": 0.0
    },
    {
        "exchange": "bybit",
        "symbol": "TRBUSDT",
        "timestamp": 1703894400018000,
        "local_timestamp": 1703894400054661,
        "is_snapshot": false,
        "side": "bid",
        "price": 241.666,
        "amount": 0.0
    },
    {
        "exchange": "bybit",
        "symbol": "TRBUSDT",
        "timestamp": 1703894400018000,
        "local_timestamp": 1703894400054661,
        "is_snapshot": false,
        "side": "bid",
        "price": 241.665,
        "amount": 0.0
    },
    {
        "exchange": "bybit",
        "symbol": "TRBUSDT",
        "timestamp": 1703894400018000,
        "local_timestamp": 1703894400054661,
        "is_snapshot": false,
        "side": "bid",
        "price": 241.664,
        "amount": 0.0
    },
    {
        "exchange": "bybit",
        "symbol": "TRBUSDT",
        "timestamp": 1703894400018000,
        "local_timestamp": 1703894400054661,
        "is_snapshot": false,
        "side": "bid",
        "price": 241.65,
        "amount": 0.0
    },
    {
        "exchange": "bybit",
        "symbol": "TRBUSDT",
        "timestamp": 1703894400018000,
        "local_timestamp": 1703894400054661,
        "is_snapshot": false,
        "side": "bid",
        "price": 241.649,
        "amount": 0.0
    },
    {
        "exchange": "bybit",
        "symbol": "TRBUSDT",
        "timestamp": 1703894400018000,
        "local_timestamp": 1703894400054661,
        "is_snapshot": false,
        "side": "bid",
        "price": 241.645,
        "amount": 0.0
    },
    {
        "exchange": "bybit",
        "symbol": "TRBUSDT",
        "timestamp": 1703894400018000,
        "local_timestamp": 1703894400054661,
        "is_snapshot": false,
        "side": "bid",
        "price": 241.642,
        "amount": 0.0
    },
    {
        "exchange": "bybit",
        "symbol": "TRBUSDT",
        "timestamp": 1703894400018000,
        "local_timestamp": 1703894400054661,
        "is_snapshot": false,
        "side": "bid",
        "price": 241.638,
        "amount": 0.0
    },
    {
        "exchange": "bybit",
        "symbol": "TRBUSDT",
        "timestamp": 1703894400018000,
        "local_timestamp": 1703894400054661,
        "is_snapshot": false,
        "side": "bid",
        "price": 241.626,
        "amount": 0.0
    },
    {
        "exchange": "bybit",
        "symbol": "TRBUSDT",
        "timestamp": 1703894400018000,
        "local_timestamp": 1703894400054661,
        "is_snapshot": false,
        "side": "bid",
        "price": 241.625,
        "amount": 0.0
    },
    {
        "exchange": "bybit",
        "symbol": "TRBUSDT",
        "timestamp": 1703894400018000,
        "local_timestamp": 1703894400054661,
        "is_snapshot": false,
        "side": "bid",
        "price": 241.612,
        "amount": 0.0
    },
    {
        "exchange": "bybit",
        "symbol": "TRBUSDT",
        "timestamp": 1703894400018000,
        "local_timestamp": 1703894400054661,
        "is_snapshot": false,
        "side": "bid",
        "price": 241.61,
        "amount": 0.0
    },
    {
        "exchange": "bybit",
        "symbol": "TRBUSDT",
        "timestamp": 1703894400018000,
        "local_timestamp": 1703894400054661,
        "is_snapshot": false,
        "side": "bid",
        "price": 241.608,
        "amount": 0.0
    },
    {
        "exchange": "bybit",
        "symbol": "TRBUSDT",
        "timestamp": 1703894400018000,
        "local_timestamp": 1703894400054661,
        "is_snapshot": false,
        "side": "bid",
        "price": 241.607,
        "amount": 0.0
    },
    {
        "exchange": "bybit",
        "symbol": "TRBUSDT",
        "timestamp": 1703894400018000,
        "local_timestamp": 1703894400054661,
        "is_snapshot": false,
        "side": "bid",
        "price": 241.6,
        "amount": 0.0
    },
    {
        "exchange": "bybit",
        "symbol": "TRBUSDT",
        "timestamp": 1703894400018000,
        "local_timestamp": 1703894400054661,
        "is_snapshot": false,
        "side": "bid",
        "price": 241.135,
        "amount": 0.37
    },
    {
        "exchange": "bybit",
        "symbol": "TRBUSDT",
        "timestamp": 1703894400018000,
        "local_timestamp": 1703894400054661,
        "is_snapshot": false,
        "side": "bid",
        "price": 241.131,
        "amount": 0.01
    },
    {
        "exchange": "bybit",
        "symbol": "TRBUSDT",
        "timestamp": 1703894400018000,
        "local_timestamp": 1703894400054661,
        "is_snapshot": false,
        "side": "bid",
        "price": 241.117,
        "amount": 0.07
    },
    {
        "exchange": "bybit",
        "symbol": "TRBUSDT",
        "timestamp": 1703894400018000,
        "local_timestamp": 1703894400054661,
        "is_snapshot": false,
        "side": "bid",
        "price": 241.1,
        "amount": 0.01
    },
    {
        "exchange": "bybit",
        "symbol": "TRBUSDT",
        "timestamp": 1703894400018000,
        "local_timestamp": 1703894400054661,
        "is_snapshot": false,
        "side": "bid",
        "price": 241.098,
        "amount": 2.52
    },
    {
        "exchange": "bybit",
        "symbol": "TRBUSDT",
        "timestamp": 1703894400018000,
        "local_timestamp": 1703894400054661,
        "is_snapshot": false,
        "side": "bid",
        "price": 241.097,
        "amount": 0.03
    },
    {
        "exchange": "bybit",
        "symbol": "TRBUSDT",
        "timestamp": 1703894400018000,
        "local_timestamp": 1703894400054661,
        "is_snapshot": false,
        "side": "bid",
        "price": 241.094,
        "amount": 0.8
    },
    {
        "exchange": "bybit",
        "symbol": "TRBUSDT",
        "timestamp": 1703894400018000,
        "local_timestamp": 1703894400054661,
        "is_snapshot": false,
        "side": "bid",
        "price": 241.09,
        "amount": 0.02
    },
    {
        "exchange": "bybit",
        "symbol": "TRBUSDT",
        "timestamp": 1703894400018000,
        "local_timestamp": 1703894400054661,
        "is_snapshot": false,
        "side": "bid",
        "price": 241.085,
        "amount": 0.28
    },
    {
        "exchange": "bybit",
        "symbol": "TRBUSDT",
        "timestamp": 1703894400018000,
        "local_timestamp": 1703894400054661,
        "is_snapshot": false,
        "side": "bid",
        "price": 241.082,
        "amount": 15.0
    },
    {
        "exchange": "bybit",
        "symbol": "TRBUSDT",
        "timestamp": 1703894400018000,
        "local_timestamp": 1703894400054661,
        "is_snapshot": false,
        "side": "bid",
        "price": 241.08,
        "amount": 0.02
    },
    {
        "exchange": "bybit",
        "symbol": "TRBUSDT",
        "timestamp": 1703894400018000,
        "local_timestamp": 1703894400054661,
        "is_snapshot": false,
        "side": "bid",
        "price": 241.076,
        "amount": 0.19
    },
    {
        "exchange": "bybit",
        "symbol": "TRBUSDT",
        "timestamp": 1703894400018000,
        "local_timestamp": 1703894400054661,
        "is_snapshot": false,
        "side": "bid",
        "price": 241.053,
        "amount": 0.02
    },
    {
        "exchange": "bybit",
        "symbol": "TRBUSDT",
        "timestamp": 1703894400018000,
        "local_timestamp": 1703894400054661,
        "is_snapshot": false,
        "side": "bid",
        "price": 241.041,
        "amount": 0.37
    },
    {
        "exchange": "bybit",
        "symbol": "TRBUSDT",
        "timestamp": 1703894400018000,
        "local_timestamp": 1703894400054661,
        "is_snapshot": false,
        "side": "bid",
        "price": 241.017,
        "amount": 0.82
    },
    {
        "exchange": "bybit",
        "symbol": "TRBUSDT",
        "timestamp": 1703894400018000,
        "local_timestamp": 1703894400054661,
        "is_snapshot": false,
        "side": "bid",
        "price": 241.009,
        "amount": 0.06
    },
    {
        "exchange": "bybit",
        "symbol": "TRBUSDT",
        "timestamp": 1703894400018000,
        "local_timestamp": 1703894400054661,
        "is_snapshot": false,
        "side": "bid",
        "price": 241.008,
        "amount": 0.01
    },
    {
        "exchange": "bybit",
        "symbol": "TRBUSDT",
        "timestamp": 1703894400018000,
        "local_timestamp": 1703894400054661,
        "is_snapshot": false,
        "side": "bid",
        "price": 241.0,
        "amount": 2.21
    },
    {
        "exchange": "bybit",
        "symbol": "TRBUSDT",
        "timestamp": 1703894400018000,
        "local_timestamp": 1703894400054661,
        "is_snapshot": false,
        "side": "bid",
        "price": 240.981,
        "amount": 0.19
    },
    {
        "exchange": "bybit",
        "symbol": "TRBUSDT",
        "timestamp": 1703894400018000,
        "local_timestamp": 1703894400054661,
        "is_snapshot": false,
        "side": "bid",
        "price": 240.98,
        "amount": 0.41
    },
    {
        "exchange": "bybit",
        "symbol": "TRBUSDT",
        "timestamp": 1703894400018000,
        "local_timestamp": 1703894400054661,
        "is_snapshot": false,
        "side": "bid",
        "price": 240.978,
        "amount": 0.82
    },
    {
        "exchange": "bybit",
        "symbol": "TRBUSDT",
        "timestamp": 1703894400018000,
        "local_timestamp": 1703894400054661,
        "is_snapshot": false,
        "side": "bid",
        "price": 240.975,
        "amount": 0.08
    },
    {
        "exchange": "bybit",
        "symbol": "TRBUSDT",
        "timestamp": 1703894400018000,
        "local_timestamp": 1703894400054661,
        "is_snapshot": false,
        "side": "bid",
        "price": 240.969,
        "amount": 0.01
    },
    {
        "exchange": "bybit",
        "symbol": "TRBUSDT",
        "timestamp": 1703894400018000,
        "local_timestamp": 1703894400054661,
        "is_snapshot": false,
        "side": "bid",
        "price": 240.963,
        "amount": 1.2
    },
    {
        "exchange": "bybit",
        "symbol": "TRBUSDT",
        "timestamp": 1703894400018000,
        "local_timestamp": 1703894400054661,
        "is_snapshot": false,
        "side": "bid",
        "price": 240.959,
        "amount": 0.01
    },
    {
        "exchange": "bybit",
        "symbol": "TRBUSDT",
        "timestamp": 1703894400018000,
        "local_timestamp": 1703894400054661,
        "is_snapshot": false,
        "side": "bid",
        "price": 240.957,
        "amount": 0.5
    },
    {
        "exchange": "bybit",
        "symbol": "TRBUSDT",
        "timestamp": 1703894400018000,
        "local_timestamp": 1703894400054661,
        "is_snapshot": false,
        "side": "bid",
        "price": 240.95,
        "amount": 0.03
    },
    {
        "exchange": "bybit",
        "symbol": "TRBUSDT",
        "timestamp": 1703894400018000,
        "local_timestamp": 1703894400054661,
        "is_snapshot": false,
        "side": "bid",
        "price": 240.942,
        "amount": 4.67
    },
    {
        "exchange": "bybit",
        "symbol": "TRBUSDT",
        "timestamp": 1703894400018000,
        "local_timestamp": 1703894400054661,
        "is_snapshot": false,
        "side": "bid",
        "price": 240.935,
        "amount": 0.66
    },
    {
        "exchange": "bybit",
        "symbol": "TRBUSDT",
        "timestamp": 1703894400018000,
        "local_timestamp": 1703894400054661,
        "is_snapshot": false,
        "side": "bid",
        "price": 240.933,
        "amount": 4.24
    },
    {
        "exchange": "bybit",
        "symbol": "TRBUSDT",
        "timestamp": 1703894400018000,
        "local_timestamp": 1703894400054661,
        "is_snapshot": false,
        "side": "bid",
        "price": 240.928,
        "amount": 2.12
    },
    {
        "exchange": "bybit",
        "symbol": "TRBUSDT",
        "timestamp": 1703894400018000,
        "local_timestamp": 1703894400054661,
        "is_snapshot": false,
        "side": "bid",
        "price": 240.919,
        "amount": 0.02
    },
    {
        "exchange": "bybit",
        "symbol": "TRBUSDT",
        "timestamp": 1703894400018000,
        "local_timestamp": 1703894400054661,
        "is_snapshot": false,
        "side": "bid",
        "price": 240.909,
        "amount": 0.01
    },
    {
        "exchange": "bybit",
        "symbol": "TRBUSDT",
        "timestamp": 1703894400018000,
        "local_timestamp": 1703894400054661,
        "is_snapshot": false,
        "side": "bid",
        "price": 240.9,
        "amount": 0.02
    },
    {
        "exchange": "bybit",
        "symbol": "TRBUSDT",
        "timestamp": 1703894400018000,
        "local_timestamp": 1703894400054661,
        "is_snapshot": false,
        "side": "bid",
        "price": 240.893,
        "amount": 0.07
    },
    {
        "exchange": "bybit",
        "symbol": "TRBUSDT",
        "timestamp": 1703894400018000,
        "local_timestamp": 1703894400054661,
        "is_snapshot": false,
        "side": "bid",
        "price": 240.892,
        "amount": 6.36
    },
    {
        "exchange": "bybit",
        "symbol": "TRBUSDT",
        "timestamp": 1703894400018000,
        "local_timestamp": 1703894400054661,
        "is_snapshot": false,
        "side": "bid",
        "price": 240.888,
        "amount": 0.02
    },
    {
        "exchange": "bybit",
        "symbol": "TRBUSDT",
        "timestamp": 1703894400018000,
        "local_timestamp": 1703894400054661,
        "is_snapshot": false,
        "side": "bid",
        "price": 240.885,
        "amount": 0.12
    },
    {
        "exchange": "bybit",
        "symbol": "TRBUSDT",
        "timestamp": 1703894400018000,
        "local_timestamp": 1703894400054661,
        "is_snapshot": false,
        "side": "bid",
        "price": 240.884,
        "amount": 14.49
    },
    {
        "exchange": "bybit",
        "symbol": "TRBUSDT",
        "timestamp": 1703894400018000,
        "local_timestamp": 1703894400054661,
        "is_snapshot": false,
        "side": "bid",
        "price": 240.88,
        "amount": 0.02
    },
    {
        "exchange": "bybit",
        "symbol": "TRBUSDT",
        "timestamp": 1703894400018000,
        "local_timestamp": 1703894400054661,
        "is_snapshot": false,
        "side": "bid",
        "price": 240.877,
        "amount": 0.19
    },
    {
        "exchange": "bybit",
        "symbol": "TRBUSDT",
        "timestamp": 1703894400018000,
        "local_timestamp": 1703894400054661,
        "is_snapshot": false,
        "side": "bid",
        "price": 240.874,
        "amount": 0.85
    },
    {
        "exchange": "bybit",
        "symbol": "TRBUSDT",
        "timestamp": 1703894400018000,
        "local_timestamp": 1703894400054661,
        "is_snapshot": false,
        "side": "bid",
        "price": 240.87,
        "amount": 13.29
    },
    {
        "exchange": "bybit",
        "symbol": "TRBUSDT",
        "timestamp": 1703894400018000,
        "local_timestamp": 1703894400054661,
        "is_snapshot": false,
        "side": "bid",
        "price": 240.868,
        "amount": 0.06
    },
    {
        "exchange": "bybit",
        "symbol": "TRBUSDT",
        "timestamp": 1703894400018000,
        "local_timestamp": 1703894400054661,
        "is_snapshot": false,
        "side": "bid",
        "price": 240.866,
        "amount": 0.02
    },
    {
        "exchange": "bybit",
        "symbol": "TRBUSDT",
        "timestamp": 1703894400018000,
        "local_timestamp": 1703894400054661,
        "is_snapshot": false,
        "side": "bid",
        "price": 240.861,
        "amount": 0.09
    },
    {
        "exchange": "bybit",
        "symbol": "TRBUSDT",
        "timestamp": 1703894400018000,
        "local_timestamp": 1703894400054661,
        "is_snapshot": false,
        "side": "bid",
        "price": 240.86,
        "amount": 0.01
    },
    {
        "exchange": "bybit",
        "symbol": "TRBUSDT",
        "timestamp": 1703894400018000,
        "local_timestamp": 1703894400054661,
        "is_snapshot": false,
        "side": "bid",
        "price": 240.855,
        "amount": 0.02
    },
    {
        "exchange": "bybit",
        "symbol": "TRBUSDT",
        "timestamp": 1703894400018000,
        "local_timestamp": 1703894400054661,
        "is_snapshot": false,
        "side": "bid",
        "price": 240.854,
        "amount": 0.27
    },
    {
        "exchange": "bybit",
        "symbol": "TRBUSDT",
        "timestamp": 1703894400018000,
        "local_timestamp": 1703894400054661,
        "is_snapshot": false,
        "side": "bid",
        "price": 240.85,
        "amount": 0.01
    },
    {
        "exchange": "bybit",
        "symbol": "TRBUSDT",
        "timestamp": 1703894399978000,
        "local_timestamp": 1703894400200251,
        "is_snapshot": false,
        "side": "ask",
        "price": 242.006,
        "amount": 0.89
    },
    {
        "exchange": "bybit",
        "symbol": "TRBUSDT",
        "timestamp": 1703894399978000,
        "local_timestamp": 1703894400200251,
        "is_snapshot": false,
        "side": "ask",
        "price": 242.007,
        "amount": 0.0
    },
    {
        "exchange": "bybit",
        "symbol": "TRBUSDT",
        "timestamp": 1703894399978000,
        "local_timestamp": 1703894400200251,
        "is_snapshot": false,
        "side": "ask",
        "price": 242.013,
        "amount": 0.65
    },
    {
        "exchange": "bybit",
        "symbol": "TRBUSDT",
        "timestamp": 1703894399978000,
        "local_timestamp": 1703894400200251,
        "is_snapshot": false,
        "side": "ask",
        "price": 242.014,
        "amount": 0.0
    },
    {
        "exchange": "bybit",
        "symbol": "TRBUSDT",
        "timestamp": 1703894399978000,
        "local_timestamp": 1703894400200251,
        "is_snapshot": false,
        "side": "ask",
        "price": 242.019,
        "amount": 0.0
    },
    {
        "exchange": "bybit",
        "symbol": "TRBUSDT",
        "timestamp": 1703894399978000,
        "local_timestamp": 1703894400200251,
        "is_snapshot": false,
        "side": "ask",
        "price": 242.051,
        "amount": 0.71
    },
    {
        "exchange": "bybit",
        "symbol": "TRBUSDT",
        "timestamp": 1703894399978000,
        "local_timestamp": 1703894400200251,
        "is_snapshot": false,
        "side": "ask",
        "price": 242.052,
        "amount": 1.09
    },
    {
        "exchange": "bybit",
        "symbol": "TRBUSDT",
        "timestamp": 1703894399978000,
        "local_timestamp": 1703894400200251,
        "is_snapshot": false,
        "side": "ask",
        "price": 242.053,
        "amount": 0.0
    },
    {
        "exchange": "bybit",
        "symbol": "TRBUSDT",
        "timestamp": 1703894399978000,
        "local_timestamp": 1703894400200251,
        "is_snapshot": false,
        "side": "ask",
        "price": 242.063,
        "amount": 1.09
    },
    {
        "exchange": "bybit",
        "symbol": "TRBUSDT",
        "timestamp": 1703894399978000,
        "local_timestamp": 1703894400200251,
        "is_snapshot": false,
        "side": "ask",
        "price": 242.064,
        "amount": 0.0
    },
    {
        "exchange": "bybit",
        "symbol": "TRBUSDT",
        "timestamp": 1703894399978000,
        "local_timestamp": 1703894400200251,
        "is_snapshot": false,
        "side": "ask",
        "price": 242.07,
        "amount": 0.93
    },
    {
        "exchange": "bybit",
        "symbol": "TRBUSDT",
        "timestamp": 1703894399978000,
        "local_timestamp": 1703894400200251,
        "is_snapshot": false,
        "side": "ask",
        "price": 242.072,
        "amount": 0.0
    },
    {
        "exchange": "bybit",
        "symbol": "TRBUSDT",
        "timestamp": 1703894399978000,
        "local_timestamp": 1703894400200251,
        "is_snapshot": false,
        "side": "ask",
        "price": 242.075,
        "amount": 0.0
    },
    {
        "exchange": "bybit",
        "symbol": "TRBUSDT",
        "timestamp": 1703894399978000,
        "local_timestamp": 1703894400200251,
        "is_snapshot": false,
        "side": "ask",
        "price": 242.078,
        "amount": 5.85
    },
    {
        "exchange": "bybit",
        "symbol": "TRBUSDT",
        "timestamp": 1703894399978000,
        "local_timestamp": 1703894400200251,
        "is_snapshot": false,
        "side": "ask",
        "price": 242.08,
        "amount": 0.0
    },
    {
        "exchange": "bybit",
        "symbol": "TRBUSDT",
        "timestamp": 1703894399978000,
        "local_timestamp": 1703894400200251,
        "is_snapshot": false,
        "side": "ask",
        "price": 242.091,
        "amount": 1.07
    },
    {
        "exchange": "bybit",
        "symbol": "TRBUSDT",
        "timestamp": 1703894399978000,
        "local_timestamp": 1703894400200251,
        "is_snapshot": false,
        "side": "ask",
        "price": 242.092,
        "amount": 0.0
    },
    {
        "exchange": "bybit",
        "symbol": "TRBUSDT",
        "timestamp": 1703894399978000,
        "local_timestamp": 1703894400200251,
        "is_snapshot": false,
        "side": "ask",
        "price": 242.098,
        "amount": 0.0
    },
    {
        "exchange": "bybit",
        "symbol": "TRBUSDT",
        "timestamp": 1703894399978000,
        "local_timestamp": 1703894400200251,
        "is_snapshot": false,
        "side": "ask",
        "price": 242.103,
        "amount": 0.0
    },
    {
        "exchange": "bybit",
        "symbol": "TRBUSDT",
        "timestamp": 1703894399978000,
        "local_timestamp": 1703894400200251,
        "is_snapshot": false,
        "side": "ask",
        "price": 242.106,
        "amount": 0.0
    },
    {
        "exchange": "bybit",
        "symbol": "TRBUSDT",
        "timestamp": 1703894399978000,
        "local_timestamp": 1703894400200251,
        "is_snapshot": false,
        "side": "ask",
        "price": 242.112,
        "amount": 0.71
    },
    {
        "exchange": "bybit",
        "symbol": "TRBUSDT",
        "timestamp": 1703894399978000,
        "local_timestamp": 1703894400200251,
        "is_snapshot": false,
        "side": "ask",
        "price": 242.114,
        "amount": 0.0
    },
    {
        "exchange": "bybit",
        "symbol": "TRBUSDT",
        "timestamp": 1703894399978000,
        "local_timestamp": 1703894400200251,
        "is_snapshot": false,
        "side": "ask",
        "price": 242.118,
        "amount": 1.21
    },
    {
        "exchange": "bybit",
        "symbol": "TRBUSDT",
        "timestamp": 1703894399978000,
        "local_timestamp": 1703894400200251,
        "is_snapshot": false,
        "side": "ask",
        "price": 242.122,
        "amount": 1.38
    },
    {
        "exchange": "bybit",
        "symbol": "TRBUSDT",
        "timestamp": 1703894399978000,
        "local_timestamp": 1703894400200251,
        "is_snapshot": false,
        "side": "ask",
        "price": 242.123,
        "amount": 0.0
    },
    {
        "exchange": "bybit",
        "symbol": "TRBUSDT",
        "timestamp": 1703894399978000,
        "local_timestamp": 1703894400200251,
        "is_snapshot": false,
        "side": "ask",
        "price": 242.135,
        "amount": 0.72
    },
    {
        "exchange": "bybit",
        "symbol": "TRBUSDT",
        "timestamp": 1703894399978000,
        "local_timestamp": 1703894400200251,
        "is_snapshot": false,
        "side": "ask",
        "price": 242.139,
        "amount": 18.74
    },
    {
        "exchange": "bybit",
        "symbol": "TRBUSDT",
        "timestamp": 1703894399978000,
        "local_timestamp": 1703894400200251,
        "is_snapshot": false,
        "side": "ask",
        "price": 242.14,
        "amount": 3.74
    },
    {
        "exchange": "bybit",
        "symbol": "TRBUSDT",
        "timestamp": 1703894399978000,
        "local_timestamp": 1703894400200251,
        "is_snapshot": false,
        "side": "ask",
        "price": 242.143,
        "amount": 6.46
    },
    {
        "exchange": "bybit",
        "symbol": "TRBUSDT",
        "timestamp": 1703894399978000,
        "local_timestamp": 1703894400200251,
        "is_snapshot": false,
        "side": "ask",
        "price": 242.151,
        "amount": 0.71
    },
    {
        "exchange": "bybit",
        "symbol": "TRBUSDT",
        "timestamp": 1703894399978000,
        "local_timestamp": 1703894400200251,
        "is_snapshot": false,
        "side": "ask",
        "price": 242.16,
        "amount": 6.96
    },
    {
        "exchange": "bybit",
        "symbol": "TRBUSDT",
        "timestamp": 1703894399978000,
        "local_timestamp": 1703894400200251,
        "is_snapshot": false,
        "side": "ask",
        "price": 242.162,
        "amount": 11.84
    },
    {
        "exchange": "bybit",
        "symbol": "TRBUSDT",
        "timestamp": 1703894399978000,
        "local_timestamp": 1703894400200251,
        "is_snapshot": false,
        "side": "ask",
        "price": 242.166,
        "amount": 1.21
    },
    {
        "exchange": "bybit",
        "symbol": "TRBUSDT",
        "timestamp": 1703894399978000,
        "local_timestamp": 1703894400200251,
        "is_snapshot": false,
        "side": "ask",
        "price": 242.185,
        "amount": 0.0
    },
    {
        "exchange": "bybit",
        "symbol": "TRBUSDT",
        "timestamp": 1703894399978000,
        "local_timestamp": 1703894400200251,
        "is_snapshot": false,
        "side": "ask",
        "price": 242.193,
        "amount": 0.0
    },
    {
        "exchange": "bybit",
        "symbol": "TRBUSDT",
        "timestamp": 1703894399978000,
        "local_timestamp": 1703894400200251,
        "is_snapshot": false,
        "side": "ask",
        "price": 242.22,
        "amount": 0.0
    },
    {
        "exchange": "bybit",
        "symbol": "TRBUSDT",
        "timestamp": 1703894399978000,
        "local_timestamp": 1703894400200251,
        "is_snapshot": false,
        "side": "ask",
        "price": 242.24,
        "amount": 0.0
    },
    {
        "exchange": "bybit",
        "symbol": "TRBUSDT",
        "timestamp": 1703894399978000,
        "local_timestamp": 1703894400200251,
        "is_snapshot": false,
        "side": "ask",
        "price": 242.257,
        "amount": 0.7
    },
    {
        "exchange": "bybit",
        "symbol": "TRBUSDT",
        "timestamp": 1703894399978000,
        "local_timestamp": 1703894400200251,
        "is_snapshot": false,
        "side": "ask",
        "price": 242.258,
        "amount": 0.0
    },
    {
        "exchange": "bybit",
        "symbol": "TRBUSDT",
        "timestamp": 1703894399978000,
        "local_timestamp": 1703894400200251,
        "is_snapshot": false,
        "side": "ask",
        "price": 242.262,
        "amount": 0.59
    },
    {
        "exchange": "bybit",
        "symbol": "TRBUSDT",
        "timestamp": 1703894399978000,
        "local_timestamp": 1703894400200251,
        "is_snapshot": false,
        "side": "ask",
        "price": 242.27,
        "amount": 4.33
    },
    {
        "exchange": "bybit",
        "symbol": "TRBUSDT",
        "timestamp": 1703894399978000,
        "local_timestamp": 1703894400200251,
        "is_snapshot": false,
        "side": "ask",
        "price": 242.273,
        "amount": 0.86
    },
    {
        "exchange": "bybit",
        "symbol": "TRBUSDT",
        "timestamp": 1703894399978000,
        "local_timestamp": 1703894400200251,
        "is_snapshot": false,
        "side": "ask",
        "price": 242.274,
        "amount": 24.9
    },
    {
        "exchange": "bybit",
        "symbol": "TRBUSDT",
        "timestamp": 1703894399978000,
        "local_timestamp": 1703894400200251,
        "is_snapshot": false,
        "side": "ask",
        "price": 242.277,
        "amount": 0.72
    },
    {
        "exchange": "bybit",
        "symbol": "TRBUSDT",
        "timestamp": 1703894399978000,
        "local_timestamp": 1703894400200251,
        "is_snapshot": false,
        "side": "ask",
        "price": 242.295,
        "amount": 0.78
    },
    {
        "exchange": "bybit",
        "symbol": "TRBUSDT",
        "timestamp": 1703894399978000,
        "local_timestamp": 1703894400200251,
        "is_snapshot": false,
        "side": "ask",
        "price": 242.358,
        "amount": 6.91
    },
    {
        "exchange": "bybit",
        "symbol": "TRBUSDT",
        "timestamp": 1703894399978000,
        "local_timestamp": 1703894400200251,
        "is_snapshot": false,
        "side": "ask",
        "price": 242.375,
        "amount": 0.0
    },
    {
        "exchange": "bybit",
        "symbol": "TRBUSDT",
        "timestamp": 1703894399978000,
        "local_timestamp": 1703894400200251,
        "is_snapshot": false,
        "side": "ask",
        "price": 242.383,
        "amount": 5.51
    },
    {
        "exchange": "bybit",
        "symbol": "TRBUSDT",
        "timestamp": 1703894399978000,
        "local_timestamp": 1703894400200251,
        "is_snapshot": false,
        "side": "bid",
        "price": 241.969,
        "amount": 0.0
    },
    {
        "exchange": "bybit",
        "symbol": "TRBUSDT",
        "timestamp": 1703894399978000,
        "local_timestamp": 1703894400200251,
        "is_snapshot": false,
        "side": "bid",
        "price": 241.967,
        "amount": 12.2
    },
    {
        "exchange": "bybit",
        "symbol": "TRBUSDT",
        "timestamp": 1703894399978000,
        "local_timestamp": 1703894400200251,
        "is_snapshot": false,
        "side": "bid",
        "price": 241.94,
        "amount": 0.02
    },
    {
        "exchange": "bybit",
        "symbol": "TRBUSDT",
        "timestamp": 1703894399978000,
        "local_timestamp": 1703894400200251,
        "is_snapshot": false,
        "side": "bid",
        "price": 241.938,
        "amount": 0.0
    },
    {
        "exchange": "bybit",
        "symbol": "TRBUSDT",
        "timestamp": 1703894399978000,
        "local_timestamp": 1703894400200251,
        "is_snapshot": false,
        "side": "bid",
        "price": 241.898,
        "amount": 0.0
    },
    {
        "exchange": "bybit",
        "symbol": "TRBUSDT",
        "timestamp": 1703894399978000,
        "local_timestamp": 1703894400200251,
        "is_snapshot": false,
        "side": "bid",
        "price": 241.896,
        "amount": 0.0
    },
    {
        "exchange": "bybit",
        "symbol": "TRBUSDT",
        "timestamp": 1703894399978000,
        "local_timestamp": 1703894400200251,
        "is_snapshot": false,
        "side": "bid",
        "price": 241.846,
        "amount": 0.12
    },
    {
        "exchange": "bybit",
        "symbol": "TRBUSDT",
        "timestamp": 1703894399978000,
        "local_timestamp": 1703894400200251,
        "is_snapshot": false,
        "side": "bid",
        "price": 241.837,
        "amount": 0.0
    },
    {
        "exchange": "bybit",
        "symbol": "TRBUSDT",
        "timestamp": 1703894399978000,
        "local_timestamp": 1703894400200251,
        "is_snapshot": false,
        "side": "bid",
        "price": 241.836,
        "amount": 0.0
    },
    {
        "exchange": "bybit",
        "symbol": "TRBUSDT",
        "timestamp": 1703894399978000,
        "local_timestamp": 1703894400200251,
        "is_snapshot": false,
        "side": "bid",
        "price": 241.795,
        "amount": 0.0
    },
    {
        "exchange": "bybit",
        "symbol": "TRBUSDT",
        "timestamp": 1703894399978000,
        "local_timestamp": 1703894400200251,
        "is_snapshot": false,
        "side": "bid",
        "price": 241.794,
        "amount": 0.0
    },
    {
        "exchange": "bybit",
        "symbol": "TRBUSDT",
        "timestamp": 1703894399978000,
        "local_timestamp": 1703894400200251,
        "is_snapshot": false,
        "side": "bid",
        "price": 241.793,
        "amount": 0.0
    },
    {
        "exchange": "bybit",
        "symbol": "TRBUSDT",
        "timestamp": 1703894399978000,
        "local_timestamp": 1703894400200251,
        "is_snapshot": false,
        "side": "bid",
        "price": 241.772,
        "amount": 0.0
    },
    {
        "exchange": "bybit",
        "symbol": "TRBUSDT",
        "timestamp": 1703894399978000,
        "local_timestamp": 1703894400200251,
        "is_snapshot": false,
        "side": "bid",
        "price": 241.724,
        "amount": 0.0
    },
    {
        "exchange": "bybit",
        "symbol": "TRBUSDT",
        "timestamp": 1703894399978000,
        "local_timestamp": 1703894400200251,
        "is_snapshot": false,
        "side": "bid",
        "price": 241.722,
        "amount": 0.0
    },
    {
        "exchange": "bybit",
        "symbol": "TRBUSDT",
        "timestamp": 1703894399978000,
        "local_timestamp": 1703894400200251,
        "is_snapshot": false,
        "side": "bid",
        "price": 241.715,
        "amount": 4.14
    },
    {
        "exchange": "bybit",
        "symbol": "TRBUSDT",
        "timestamp": 1703894399978000,
        "local_timestamp": 1703894400200251,
        "is_snapshot": false,
        "side": "bid",
        "price": 241.667,
        "amount": 0.0
    },
    {
        "exchange": "bybit",
        "symbol": "TRBUSDT",
        "timestamp": 1703894399978000,
        "local_timestamp": 1703894400200251,
        "is_snapshot": false,
        "side": "bid",
        "price": 241.666,
        "amount": 0.21
    },
    {
        "exchange": "bybit",
        "symbol": "TRBUSDT",
        "timestamp": 1703894399978000,
        "local_timestamp": 1703894400200251,
        "is_snapshot": false,
        "side": "bid",
        "price": 241.665,
        "amount": 4.34
    },
    {
        "exchange": "bybit",
        "symbol": "TRBUSDT",
        "timestamp": 1703894399978000,
        "local_timestamp": 1703894400200251,
        "is_snapshot": false,
        "side": "bid",
        "price": 241.664,
        "amount": 0.05
    },
    {
        "exchange": "bybit",
        "symbol": "TRBUSDT",
        "timestamp": 1703894399978000,
        "local_timestamp": 1703894400200251,
        "is_snapshot": false,
        "side": "bid",
        "price": 241.65,
        "amount": 0.18
    },
    {
        "exchange": "bybit",
        "symbol": "TRBUSDT",
        "timestamp": 1703894399978000,
        "local_timestamp": 1703894400200251,
        "is_snapshot": false,
        "side": "bid",
        "price": 241.649,
        "amount": 0.07
    },
    {
        "exchange": "bybit",
        "symbol": "TRBUSDT",
        "timestamp": 1703894399978000,
        "local_timestamp": 1703894400200251,
        "is_snapshot": false,
        "side": "bid",
        "price": 241.645,
        "amount": 0.02
    },
    {
        "exchange": "bybit",
        "symbol": "TRBUSDT",
        "timestamp": 1703894399978000,
        "local_timestamp": 1703894400200251,
        "is_snapshot": false,
        "side": "bid",
        "price": 241.642,
        "amount": 0.01
    },
    {
        "exchange": "bybit",
        "symbol": "TRBUSDT",
        "timestamp": 1703894399978000,
        "local_timestamp": 1703894400200251,
        "is_snapshot": false,
        "side": "bid",
        "price": 241.638,
        "amount": 0.12
    },
    {
        "exchange": "bybit",
        "symbol": "TRBUSDT",
        "timestamp": 1703894399978000,
        "local_timestamp": 1703894400200251,
        "is_snapshot": false,
        "side": "bid",
        "price": 241.635,
        "amount": 14.22
    },
    {
        "exchange": "bybit",
        "symbol": "TRBUSDT",
        "timestamp": 1703894399978000,
        "local_timestamp": 1703894400200251,
        "is_snapshot": false,
        "side": "bid",
        "price": 241.626,
        "amount": 1.21
    },
    {
        "exchange": "bybit",
        "symbol": "TRBUSDT",
        "timestamp": 1703894399978000,
        "local_timestamp": 1703894400200251,
        "is_snapshot": false,
        "side": "bid",
        "price": 241.625,
        "amount": 0.02
    },
    {
        "exchange": "bybit",
        "symbol": "TRBUSDT",
        "timestamp": 1703894399978000,
        "local_timestamp": 1703894400200251,
        "is_snapshot": false,
        "side": "bid",
        "price": 241.612,
        "amount": 0.04
    },
    {
        "exchange": "bybit",
        "symbol": "TRBUSDT",
        "timestamp": 1703894399978000,
        "local_timestamp": 1703894400200251,
        "is_snapshot": false,
        "side": "bid",
        "price": 241.61,
        "amount": 1.21
    },
    {
        "exchange": "bybit",
        "symbol": "TRBUSDT",
        "timestamp": 1703894399997000,
        "local_timestamp": 1703894400200263,
        "is_snapshot": false,
        "side": "ask",
        "price": 242.006,
        "amount": 0.0
    },
    {
        "exchange": "bybit",
        "symbol": "TRBUSDT",
        "timestamp": 1703894399997000,
        "local_timestamp": 1703894400200263,
        "is_snapshot": false,
        "side": "ask",
        "price": 242.013,
        "amount": 0.0
    },
    {
        "exchange": "bybit",
        "symbol": "TRBUSDT",
        "timestamp": 1703894399997000,
        "local_timestamp": 1703894400200263,
        "is_snapshot": false,
        "side": "ask",
        "price": 242.051,
        "amount": 1.97
    },
    {
        "exchange": "bybit",
        "symbol": "TRBUSDT",
        "timestamp": 1703894399997000,
        "local_timestamp": 1703894400200263,
        "is_snapshot": false,
        "side": "ask",
        "price": 242.07,
        "amount": 0.0
    },
    {
        "exchange": "bybit",
        "symbol": "TRBUSDT",
        "timestamp": 1703894399997000,
        "local_timestamp": 1703894400200263,
        "is_snapshot": false,
        "side": "ask",
        "price": 242.078,
        "amount": 0.0
    },
    {
        "exchange": "bybit",
        "symbol": "TRBUSDT",
        "timestamp": 1703894399997000,
        "local_timestamp": 1703894400200263,
        "is_snapshot": false,
        "side": "ask",
        "price": 242.084,
        "amount": 20.66
    },
    {
        "exchange": "bybit",
        "symbol": "TRBUSDT",
        "timestamp": 1703894399997000,
        "local_timestamp": 1703894400200263,
        "is_snapshot": false,
        "side": "ask",
        "price": 242.094,
        "amount": 4.13
    },
    {
        "exchange": "bybit",
        "symbol": "TRBUSDT",
        "timestamp": 1703894399997000,
        "local_timestamp": 1703894400200263,
        "is_snapshot": false,
        "side": "ask",
        "price": 242.098,
        "amount": 4.13
    },
    {
        "exchange": "bybit",
        "symbol": "TRBUSDT",
        "timestamp": 1703894399997000,
        "local_timestamp": 1703894400200263,
        "is_snapshot": false,
        "side": "ask",
        "price": 242.112,
        "amount": 0.0
    },
    {
        "exchange": "bybit",
        "symbol": "TRBUSDT",
        "timestamp": 1703894399997000,
        "local_timestamp": 1703894400200263,
        "is_snapshot": false,
        "side": "ask",
        "price": 242.118,
        "amount": 0.0
    },
    {
        "exchange": "bybit",
        "symbol": "TRBUSDT",
        "timestamp": 1703894399997000,
        "local_timestamp": 1703894400200263,
        "is_snapshot": false,
        "side": "ask",
        "price": 242.122,
        "amount": 0.0
    },
    {
        "exchange": "bybit",
        "symbol": "TRBUSDT",
        "timestamp": 1703894399997000,
        "local_timestamp": 1703894400200263,
        "is_snapshot": false,
        "side": "ask",
        "price": 242.127,
        "amount": 0.0
    },
    {
        "exchange": "bybit",
        "symbol": "TRBUSDT",
        "timestamp": 1703894399997000,
        "local_timestamp": 1703894400200263,
        "is_snapshot": false,
        "side": "ask",
        "price": 242.134,
        "amount": 0.71
    },
    {
        "exchange": "bybit",
        "symbol": "TRBUSDT",
        "timestamp": 1703894399997000,
        "local_timestamp": 1703894400200263,
        "is_snapshot": false,
        "side": "ask",
        "price": 242.135,
        "amount": 0.0
    },
    {
        "exchange": "bybit",
        "symbol": "TRBUSDT",
        "timestamp": 1703894399997000,
        "local_timestamp": 1703894400200263,
        "is_snapshot": false,
        "side": "ask",
        "price": 242.139,
        "amount": 15.27
    },
    {
        "exchange": "bybit",
        "symbol": "TRBUSDT",
        "timestamp": 1703894399997000,
        "local_timestamp": 1703894400200263,
        "is_snapshot": false,
        "side": "ask",
        "price": 242.14,
        "amount": 1.78
    },
    {
        "exchange": "bybit",
        "symbol": "TRBUSDT",
        "timestamp": 1703894399997000,
        "local_timestamp": 1703894400200263,
        "is_snapshot": false,
        "side": "ask",
        "price": 242.143,
        "amount": 0.0
    },
    {
        "exchange": "bybit",
        "symbol": "TRBUSDT",
        "timestamp": 1703894399997000,
        "local_timestamp": 1703894400200263,
        "is_snapshot": false,
        "side": "ask",
        "price": 242.151,
        "amount": 0.0
    },
    {
        "exchange": "bybit",
        "symbol": "TRBUSDT",
        "timestamp": 1703894399997000,
        "local_timestamp": 1703894400200263,
        "is_snapshot": false,
        "side": "ask",
        "price": 242.156,
        "amount": 0.71
    },
    {
        "exchange": "bybit",
        "symbol": "TRBUSDT",
        "timestamp": 1703894399997000,
        "local_timestamp": 1703894400200263,
        "is_snapshot": false,
        "side": "ask",
        "price": 242.159,
        "amount": 0.86
    },
    {
        "exchange": "bybit",
        "symbol": "TRBUSDT",
        "timestamp": 1703894399997000,
        "local_timestamp": 1703894400200263,
        "is_snapshot": false,
        "side": "ask",
        "price": 242.16,
        "amount": 0.0
    },
    {
        "exchange": "bybit",
        "symbol": "TRBUSDT",
        "timestamp": 1703894399997000,
        "local_timestamp": 1703894400200263,
        "is_snapshot": false,
        "side": "ask",
        "price": 242.173,
        "amount": 0.59
    },
    {
        "exchange": "bybit",
        "symbol": "TRBUSDT",
        "timestamp": 1703894399997000,
        "local_timestamp": 1703894400200263,
        "is_snapshot": false,
        "side": "ask",
        "price": 242.179,
        "amount": 0.72
    },
    {
        "exchange": "bybit",
        "symbol": "TRBUSDT",
        "timestamp": 1703894399997000,
        "local_timestamp": 1703894400200263,
        "is_snapshot": false,
        "side": "ask",
        "price": 242.184,
        "amount": 1.96
    },
    {
        "exchange": "bybit",
        "symbol": "TRBUSDT",
        "timestamp": 1703894399997000,
        "local_timestamp": 1703894400200263,
        "is_snapshot": false,
        "side": "ask",
        "price": 242.187,
        "amount": 5.25
    },
    {
        "exchange": "bybit",
        "symbol": "TRBUSDT",
        "timestamp": 1703894399997000,
        "local_timestamp": 1703894400200263,
        "is_snapshot": false,
        "side": "ask",
        "price": 242.19,
        "amount": 4.74
    },
    {
        "exchange": "bybit",
        "symbol": "TRBUSDT",
        "timestamp": 1703894399997000,
        "local_timestamp": 1703894400200263,
        "is_snapshot": false,
        "side": "ask",
        "price": 242.195,
        "amount": 0.71
    },
    {
        "exchange": "bybit",
        "symbol": "TRBUSDT",
        "timestamp": 1703894399997000,
        "local_timestamp": 1703894400200263,
        "is_snapshot": false,
        "side": "ask",
        "price": 242.204,
        "amount": 5.87
    },
    {
        "exchange": "bybit",
        "symbol": "TRBUSDT",
        "timestamp": 1703894399997000,
        "local_timestamp": 1703894400200263,
        "is_snapshot": false,
        "side": "ask",
        "price": 242.205,
        "amount": 1.38
    },
    {
        "exchange": "bybit",
        "symbol": "TRBUSDT",
        "timestamp": 1703894399997000,
        "local_timestamp": 1703894400200263,
        "is_snapshot": false,
        "side": "ask",
        "price": 242.222,
        "amount": 1.38
    },
    {
        "exchange": "bybit",
        "symbol": "TRBUSDT",
        "timestamp": 1703894399997000,
        "local_timestamp": 1703894400200263,
        "is_snapshot": false,
        "side": "ask",
        "price": 242.262,
        "amount": 0.0
    },
    {
        "exchange": "bybit",
        "symbol": "TRBUSDT",
        "timestamp": 1703894399997000,
        "local_timestamp": 1703894400200263,
        "is_snapshot": false,
        "side": "ask",
        "price": 242.274,
        "amount": 4.24
    },
    {
        "exchange": "bybit",
        "symbol": "TRBUSDT",
        "timestamp": 1703894399997000,
        "local_timestamp": 1703894400200263,
        "is_snapshot": false,
        "side": "ask",
        "price": 242.3,
        "amount": 0.0
    },
    {
        "exchange": "bybit",
        "symbol": "TRBUSDT",
        "timestamp": 1703894399997000,
        "local_timestamp": 1703894400200263,
        "is_snapshot": false,
        "side": "ask",
        "price": 242.374,
        "amount": 5.34
    },
    {
        "exchange": "bybit",
        "symbol": "TRBUSDT",
        "timestamp": 1703894399997000,
        "local_timestamp": 1703894400200263,
        "is_snapshot": false,
        "side": "ask",
        "price": 242.383,
        "amount": 0.0
    },
    {
        "exchange": "bybit",
        "symbol": "TRBUSDT",
        "timestamp": 1703894399997000,
        "local_timestamp": 1703894400200263,
        "is_snapshot": false,
        "side": "bid",
        "price": 241.967,
        "amount": 0.0
    },
    {
        "exchange": "bybit",
        "symbol": "TRBUSDT",
        "timestamp": 1703894399997000,
        "local_timestamp": 1703894400200263,
        "is_snapshot": false,
        "side": "bid",
        "price": 241.964,
        "amount": 0.0
    },
    {
        "exchange": "bybit",
        "symbol": "TRBUSDT",
        "timestamp": 1703894399997000,
        "local_timestamp": 1703894400200263,
        "is_snapshot": false,
        "side": "bid",
        "price": 241.957,
        "amount": 0.0
    },
    {
        "exchange": "bybit",
        "symbol": "TRBUSDT",
        "timestamp": 1703894399997000,
        "local_timestamp": 1703894400200263,
        "is_snapshot": false,
        "side": "bid",
        "price": 241.951,
        "amount": 1.59
    },
    {
        "exchange": "bybit",
        "symbol": "TRBUSDT",
        "timestamp": 1703894399997000,
        "local_timestamp": 1703894400200263,
        "is_snapshot": false,
        "side": "bid",
        "price": 241.907,
        "amount": 0.0
    },
    {
        "exchange": "bybit",
        "symbol": "TRBUSDT",
        "timestamp": 1703894399997000,
        "local_timestamp": 1703894400200263,
        "is_snapshot": false,
        "side": "bid",
        "price": 241.816,
        "amount": 0.43
    },
    {
        "exchange": "bybit",
        "symbol": "TRBUSDT",
        "timestamp": 1703894399997000,
        "local_timestamp": 1703894400200263,
        "is_snapshot": false,
        "side": "bid",
        "price": 241.797,
        "amount": 0.65
    },
    {
        "exchange": "bybit",
        "symbol": "TRBUSDT",
        "timestamp": 1703894399997000,
        "local_timestamp": 1703894400200263,
        "is_snapshot": false,
        "side": "bid",
        "price": 241.786,
        "amount": 6.22
    },
    {
        "exchange": "bybit",
        "symbol": "TRBUSDT",
        "timestamp": 1703894399997000,
        "local_timestamp": 1703894400200263,
        "is_snapshot": false,
        "side": "bid",
        "price": 241.715,
        "amount": 0.01
    },
    {
        "exchange": "bybit",
        "symbol": "TRBUSDT",
        "timestamp": 1703894399997000,
        "local_timestamp": 1703894400200263,
        "is_snapshot": false,
        "side": "bid",
        "price": 241.635,
        "amount": 0.0
    },
    {
        "exchange": "bybit",
        "symbol": "TRBUSDT",
        "timestamp": 1703894399997000,
        "local_timestamp": 1703894400200263,
        "is_snapshot": false,
        "side": "bid",
        "price": 241.625,
        "amount": 2.31
    },
    {
        "exchange": "bybit",
        "symbol": "TRBUSDT",
        "timestamp": 1703894399997000,
        "local_timestamp": 1703894400200263,
        "is_snapshot": false,
        "side": "bid",
        "price": 241.608,
        "amount": 0.27
    },
    {
        "exchange": "bybit",
        "symbol": "TRBUSDT",
        "timestamp": 1703894399997000,
        "local_timestamp": 1703894400200263,
        "is_snapshot": false,
        "side": "bid",
        "price": 241.607,
        "amount": 1.38
    },
    {
        "exchange": "bybit",
        "symbol": "TRBUSDT",
        "timestamp": 1703894399997000,
        "local_timestamp": 1703894400200263,
        "is_snapshot": false,
        "side": "bid",
        "price": 241.6,
        "amount": 1.12
    },
    {
        "exchange": "bybit",
        "symbol": "TRBUSDT",
        "timestamp": 1703894400018000,
        "local_timestamp": 1703894400200923,
        "is_snapshot": false,
        "side": "ask",
        "price": 241.958,
        "amount": 3.13
    },
    {
        "exchange": "bybit",
        "symbol": "TRBUSDT",
        "timestamp": 1703894400018000,
        "local_timestamp": 1703894400200923,
        "is_snapshot": false,
        "side": "ask",
        "price": 242.05,
        "amount": 12.44
    },
    {
        "exchange": "bybit",
        "symbol": "TRBUSDT",
        "timestamp": 1703894400018000,
        "local_timestamp": 1703894400200923,
        "is_snapshot": false,
        "side": "ask",
        "price": 242.075,
        "amount": 3.46
    },
    {
        "exchange": "bybit",
        "symbol": "TRBUSDT",
        "timestamp": 1703894400018000,
        "local_timestamp": 1703894400200923,
        "is_snapshot": false,
        "side": "ask",
        "price": 242.139,
        "amount": 3.46
    },
    {
        "exchange": "bybit",
        "symbol": "TRBUSDT",
        "timestamp": 1703894400018000,
        "local_timestamp": 1703894400200923,
        "is_snapshot": false,
        "side": "ask",
        "price": 242.152,
        "amount": 0.93
    },
    {
        "exchange": "bybit",
        "symbol": "TRBUSDT",
        "timestamp": 1703894400018000,
        "local_timestamp": 1703894400200923,
        "is_snapshot": false,
        "side": "ask",
        "price": 242.19,
        "amount": 0.0
    },
    {
        "exchange": "bybit",
        "symbol": "TRBUSDT",
        "timestamp": 1703894400018000,
        "local_timestamp": 1703894400200923,
        "is_snapshot": false,
        "side": "ask",
        "price": 242.2,
        "amount": 1.21
    },
    {
        "exchange": "bybit",
        "symbol": "TRBUSDT",
        "timestamp": 1703894400018000,
        "local_timestamp": 1703894400200923,
        "is_snapshot": false,
        "side": "ask",
        "price": 242.216,
        "amount": 1.21
    },
    {
        "exchange": "bybit",
        "symbol": "TRBUSDT",
        "timestamp": 1703894400018000,
        "local_timestamp": 1703894400200923,
        "is_snapshot": false,
        "side": "ask",
        "price": 242.359,
        "amount": 0.0
    },
    {
        "exchange": "bybit",
        "symbol": "TRBUSDT",
        "timestamp": 1703894400018000,
        "local_timestamp": 1703894400200923,
        "is_snapshot": false,
        "side": "ask",
        "price": 242.362,
        "amount": 0.0
    },
    {
        "exchange": "bybit",
        "symbol": "TRBUSDT",
        "timestamp": 1703894400018000,
        "local_timestamp": 1703894400200923,
        "is_snapshot": false,
        "side": "ask",
        "price": 242.366,
        "amount": 0.0
    },
    {
        "exchange": "bybit",
        "symbol": "TRBUSDT",
        "timestamp": 1703894400018000,
        "local_timestamp": 1703894400200923,
        "is_snapshot": false,
        "side": "ask",
        "price": 242.367,
        "amount": 0.0
    },
    {
        "exchange": "bybit",
        "symbol": "TRBUSDT",
        "timestamp": 1703894400018000,
        "local_timestamp": 1703894400200923,
        "is_snapshot": false,
        "side": "ask",
        "price": 242.374,
        "amount": 0.0
    },
    {
        "exchange": "bybit",
        "symbol": "TRBUSDT",
        "timestamp": 1703894400018000,
        "local_timestamp": 1703894400200923,
        "is_snapshot": false,
        "side": "bid",
        "price": 241.951,
        "amount": 0.0
    },
    {
        "exchange": "bybit",
        "symbol": "TRBUSDT",
        "timestamp": 1703894400018000,
        "local_timestamp": 1703894400200923,
        "is_snapshot": false,
        "side": "bid",
        "price": 241.95,
        "amount": 0.0
    },
    {
        "exchange": "bybit",
        "symbol": "TRBUSDT",
        "timestamp": 1703894400018000,
        "local_timestamp": 1703894400200923,
        "is_snapshot": false,
        "side": "bid",
        "price": 241.94,
        "amount": 0.0
    },
    {
        "exchange": "bybit",
        "symbol": "TRBUSDT",
        "timestamp": 1703894400018000,
        "local_timestamp": 1703894400200923,
        "is_snapshot": false,
        "side": "bid",
        "price": 241.935,
        "amount": 0.0
    },
    {
        "exchange": "bybit",
        "symbol": "TRBUSDT",
        "timestamp": 1703894400018000,
        "local_timestamp": 1703894400200923,
        "is_snapshot": false,
        "side": "bid",
        "price": 241.929,
        "amount": 0.0
    },
    {
        "exchange": "bybit",
        "symbol": "TRBUSDT",
        "timestamp": 1703894400018000,
        "local_timestamp": 1703894400200923,
        "is_snapshot": false,
        "side": "bid",
        "price": 241.924,
        "amount": 0.0
    },
    {
        "exchange": "bybit",
        "symbol": "TRBUSDT",
        "timestamp": 1703894400018000,
        "local_timestamp": 1703894400200923,
        "is_snapshot": false,
        "side": "bid",
        "price": 241.921,
        "amount": 0.0
    },
    {
        "exchange": "bybit",
        "symbol": "TRBUSDT",
        "timestamp": 1703894400018000,
        "local_timestamp": 1703894400200923,
        "is_snapshot": false,
        "side": "bid",
        "price": 241.908,
        "amount": 0.0
    },
    {
        "exchange": "bybit",
        "symbol": "TRBUSDT",
        "timestamp": 1703894400018000,
        "local_timestamp": 1703894400200923,
        "is_snapshot": false,
        "side": "bid",
        "price": 241.901,
        "amount": 0.0
    },
    {
        "exchange": "bybit",
        "symbol": "TRBUSDT",
        "timestamp": 1703894400018000,
        "local_timestamp": 1703894400200923,
        "is_snapshot": false,
        "side": "bid",
        "price": 241.9,
        "amount": 0.0
    },
    {
